@INPROCEEDINGS{srw-057,
   AUTHOR = {Lee, Timothy and Lutz, Alex and Choi, Jinho D.},
   SORTNAME = {Lee, Timothy and Lutz, Alex and Choi, Jinho D.},
   TITLE = {QA-It: Classifying Non-Referential It for Question Answer Pairs}}
@INPROCEEDINGS{srw-039,
   AUTHOR = {Muszyńska, Ewa},
   SORTNAME = {Muszynska, Ewa},
   TITLE = {Graph- and surface-level sentence chunking}}
@INPROCEEDINGS{srw-058,
   AUTHOR = {Jargalsaikhan, Davaajav and Okazaki, Naoaki and Matsuda, Koji and Inui, Kentaro},
   SORTNAME = {Jargalsaikhan, Davaajav and Okazaki, Naoaki and Matsuda, Koji and Inui, Kentaro},
   TITLE = {Building a Corpus for Japanese Wikification with Fine-Grained Entity Classes}}
@INPROCEEDINGS{srw-029,
   AUTHOR = {Tobaili, Taha},
   SORTNAME = {Tobaili, Taha},
   TITLE = {Arabizi Identification in Twitter Data}}
@INPROCEEDINGS{srw-060,
   AUTHOR = {Jindal, Vasu},
   SORTNAME = {Jindal, Vasu},
   TITLE = {A Personalized Markov Clustering and Deep Learning Approach for Arabic Text Categorization}}
@INPROCEEDINGS{srw-032,
   AUTHOR = {Fares, Murhaf},
   SORTNAME = {Fares, Murhaf},
   TITLE = {A Dataset for Joint Noun-Noun Compound Bracketing and Interpretation}}
@INPROCEEDINGS{srw-052,
   AUTHOR = {Negi, Sapna},
   SORTNAME = {Negi, Sapna},
   TITLE = {Suggestion Mining from Opinionated Text}}
@INPROCEEDINGS{srw-038,
   AUTHOR = {Kríž, Vincent and Hladka, Barbora},
   SORTNAME = {Kriz, Vincent and Hladka, Barbora},
   TITLE = {Improving Dependency Parsing Using Sentence Clause Charts}}
@INPROCEEDINGS{srw-009,
   AUTHOR = {Kodaira, Tomonori and Kajiwara, Tomoyuki and Komachi, Mamoru},
   SORTNAME = {Kodaira, Tomonori and Kajiwara, Tomoyuki and Komachi, Mamoru},
   TITLE = {Controlled and Balanced Dataset for Japanese Lexical Simplification}}
@INPROCEEDINGS{srw-027,
   AUTHOR = {Llewellyn, Clare and Grover, Claire and Oberlander, Jon},
   SORTNAME = {Llewellyn, Clare and Grover, Claire and Oberlander, Jon},
   TITLE = {Improving Topic Model Clustering of Newspaper Comments for Summarisation}}
@INPROCEEDINGS{srw-037,
   AUTHOR = {Moradiannasab, Omid},
   SORTNAME = {Moradiannasab, Omid},
   TITLE = {An Investigation on The Effectiveness of Employing Topic Modeling Techniques to Provide Topic Awareness For Conversational Agents}}
@INPROCEEDINGS{srw-010,
   AUTHOR = {Otsuki, Hitoshi and Chu, Chenhui and Nakazawa, Toshiaki and Kurohashi, Sadao},
   SORTNAME = {Otsuki, Hitoshi and Chu, Chenhui and Nakazawa, Toshiaki and Kurohashi, Sadao},
   TITLE = {Dependency Forest based Word Alignment}}
@INPROCEEDINGS{srw-031,
   AUTHOR = {Haagsma, Hessel},
   SORTNAME = {Haagsma, Hessel},
   TITLE = {Singleton Detection using Word Embeddings and Neural Networks}}
@INPROCEEDINGS{srw-030,
   AUTHOR = {Milajevs, Dmitrijs and Sadrzadeh, Mehrnoosh and Purver, Matthew},
   SORTNAME = {Milajevs, Dmitrijs and Sadrzadeh, Mehrnoosh and Purver, Matthew},
   TITLE = {Robust Co-occurrence Quantification for Lexical Distributional Semantics}}
@INPROCEEDINGS{srw-056,
   AUTHOR = {Xia, Yandi and Wei, Zhongyu and Liu, Yang},
   SORTNAME = {Xia, Yandi and Wei, Zhongyu and Liu, Yang},
   TITLE = {An Efficient Cross-lingual Model for Sentence Classification Using Convolutional Neural Network}}
@INPROCEEDINGS{srw-024,
   AUTHOR = {V V, Devadath and Sharma, Dipti Misra},
   SORTNAME = {V V, Devadath and Sharma, Dipti Misra},
   TITLE = {Significance of an Accurate Sandhi-Splitter in Shallow Parsing of Dravidian Languages}}
@INPROCEEDINGS{srw-047,
   AUTHOR = {Abercrombie, Gavin and Hovy, Dirk},
   SORTNAME = {Abercrombie, Gavin and Hovy, Dirk},
   TITLE = {Putting Sarcasm Detection into Context: The Effects of Class Imbalance and Manual Labelling on Supervised Machine Classification of Twitter Conversations}}
@INPROCEEDINGS{srw-019,
   AUTHOR = {Matsuo, Eri and Kobayashi, Ichiro and Nishimoto, Shinji and Nishida, Satoshi and Asoh, Hideki},
   SORTNAME = {Matsuo, Eri and Kobayashi, Ichiro and Nishimoto, Shinji and Nishida, Satoshi and Asoh, Hideki},
   TITLE = {Generating Natural Language Descriptions for Semantic Representations of Human Brain Activity}}
@INPROCEEDINGS{srw-040,
   AUTHOR = {Mehta, Parth},
   SORTNAME = {Mehta, Parth},
   TITLE = {From Extractive to Abstractive Summarization: A Journey}}
@INPROCEEDINGS{srw-021,
   AUTHOR = {Lam, Alron Jan},
   SORTNAME = {Lam, Alron Jan},
   TITLE = {Improving Twitter Community Detection through Contextual Sentiment Analysis}}
@INPROCEEDINGS{srw-050,
   AUTHOR = {Daks, Alon and Clark, Aidan},
   SORTNAME = {Daks, Alon and Clark, Aidan},
   TITLE = {Unsupervised Authorial Clustering Based on Syntactic Structure}}
@INPROCEEDINGS{srw-018,
   AUTHOR = {Benzschawel, Eric},
   SORTNAME = {Benzschawel, Eric},
   TITLE = {Identifying Potential Adverse Drug Events in Tweets Using Bootstrapped Lexicons}}
