@INPROCEEDINGS{repeval16-005,
   AUTHOR = {Camacho-Collados, José and Navigli, Roberto},
   SORTNAME = {Camacho-Collados, Jose and Navigli, Roberto},
   TITLE = {Find the word that does not belong: A Framework for an Intrinsic Evaluation of Word Vector Representations}}
@INPROCEEDINGS{repeval16-039,
   AUTHOR = {Parasca, Iuliana-Elena and Rauter, Andreas Lukas and Roper, Jack and Rusinov, Aleksandar and Bouchard, Guillaume and Riedel, Sebastian and Stenetorp, Pontus},
   SORTNAME = {Parasca, Iuliana-Elena and Rauter, Andreas Lukas and Roper, Jack and Rusinov, Aleksandar and Bouchard, Guillaume and Riedel, Sebastian and Stenetorp, Pontus},
   TITLE = {Defining Words with Words: Beyond the Distributional Hypothesis}}
@INPROCEEDINGS{repeval16-006,
   AUTHOR = {Søgaard, Anders},
   SORTNAME = {Søgaard, Anders},
   TITLE = {Evaluating word embeddings with fMRI and eye-tracking}}
@INPROCEEDINGS{repeval16-032,
   AUTHOR = {Ettinger, Allyson and Elgohary, Ahmed and Resnik, Philip},
   SORTNAME = {Ettinger, Allyson and Elgohary, Ahmed and Resnik, Philip},
   TITLE = {Probing for semantic evidence of composition by means of simple classification tasks}}
@INPROCEEDINGS{repeval16-036,
   AUTHOR = {Nayak, Neha and Angeli, Gabor and Manning, Christopher D.},
   SORTNAME = {Nayak, Neha and Angeli, Gabor and Manning, Christopher D.},
   TITLE = {Evaluating Word Embeddings Using a Representative Suite of Practical Tasks}}
@INPROCEEDINGS{repeval16-013,
   AUTHOR = {Tsvetkov, Yulia and Faruqui, Manaal and Dyer, Chris},
   SORTNAME = {Tsvetkov, Yulia and Faruqui, Manaal and Dyer, Chris},
   TITLE = {Correlation-based Intrinsic Evaluation of Word Vector Representations}}
@INPROCEEDINGS{repeval16-038,
   AUTHOR = {Batchkarov, Miroslav and Kober, Thomas and Reffin, Jeremy and Weeds, Julie and Weir, David},
   SORTNAME = {Batchkarov, Miroslav and Kober, Thomas and Reffin, Jeremy and Weeds, Julie and Weir, David},
   TITLE = {A critique of word similarity as a method for evaluating distributional semantic models}}
@INPROCEEDINGS{repeval16-023,
   AUTHOR = {Köhn, Arne},
   SORTNAME = {Kohn, Arne},
   TITLE = {Evaluating Embeddings using Syntax-based Classification Tasks as a Proxy for Parser Performance}}
@INPROCEEDINGS{repeval16-009,
   AUTHOR = {Krebs, Alicia and Paperno, Denis},
   SORTNAME = {Krebs, Alicia and Paperno, Denis},
   TITLE = {Capturing Discriminative Attributes in a Distributional Space: Task Proposal}}
@INPROCEEDINGS{repeval16-027,
   AUTHOR = {Rimell, Laura and Vecchi, Eva Maria},
   SORTNAME = {Rimell, Laura and Vecchi, Eva Maria},
   TITLE = {SLEDDED: A Proposed Dataset of Event Descriptions for Evaluating Phrase Representations}}
@INPROCEEDINGS{repeval16-037,
   AUTHOR = {Mostafazadeh, Nasrin and Vanderwende, Lucy and Yih, Wen-tau and Kohli, Pushmeet and Allen, James},
   SORTNAME = {Mostafazadeh, Nasrin and Vanderwende, Lucy and Yih, Wen-tau and Kohli, Pushmeet and Allen, James},
   TITLE = {Story Cloze Evaluator: Vector Space Representation Evaluation by Predicting What Happens Next}}
@INPROCEEDINGS{repeval16-026,
   AUTHOR = {Chiu, Billy and Korhonen, Anna and Pyysalo, Sampo},
   SORTNAME = {Chiu, Billy and Korhonen, Anna and Pyysalo, Sampo},
   TITLE = {Intrinsic Evaluation of Word Vectors Fails to Predict Extrinsic Performance}}
@INPROCEEDINGS{repeval16-011,
   AUTHOR = {Faruqui, Manaal and Tsvetkov, Yulia and Rastogi, Pushpendre and Dyer, Chris},
   SORTNAME = {Faruqui, Manaal and Tsvetkov, Yulia and Rastogi, Pushpendre and Dyer, Chris},
   TITLE = {Problems With Evaluation of Word Embeddings Using Word Similarity Tasks}}
@INPROCEEDINGS{repeval16-031,
   AUTHOR = {Seyed, Ali},
   SORTNAME = {Seyed, Ali},
   TITLE = {Subsumption Preservation as a Comparative Measure for Evaluating Sense-Directed Embeddings}}
@INPROCEEDINGS{repeval16-007,
   AUTHOR = {Baumel, Tal and Cohen, Raphael and Elhadad, Michael},
   SORTNAME = {Baumel, Tal and Cohen, Raphael and Elhadad, Michael},
   TITLE = {Sentence Embedding Evaluation Using Pyramid Annotation}}
@INPROCEEDINGS{repeval16-014,
   AUTHOR = {Avraham, Oded and Goldberg, Yoav},
   SORTNAME = {Avraham, Oded and Goldberg, Yoav},
   TITLE = {Improving Reliability of Word Similarity Evaluation by Redesigning Annotation Task and Performance Measure}}
@INPROCEEDINGS{repeval16-022,
   AUTHOR = {Linzen, Tal},
   SORTNAME = {Linzen, Tal},
   TITLE = {Issues in evaluating semantic spaces using word analogies}}
@INPROCEEDINGS{repeval16-035,
   AUTHOR = {Sayeed, Asad and Greenberg, Clayton and Demberg, Vera},
   SORTNAME = {Sayeed, Asad and Greenberg, Clayton and Demberg, Vera},
   TITLE = {Thematic fit evaluation: an aspect of selectional preferences}}
@INPROCEEDINGS{repeval16-017,
   AUTHOR = {Liza, Farhana Ferdousi and Grzes, Marek},
   SORTNAME = {Liza, Farhana Ferdousi and Grzes, Marek},
   TITLE = {An Improved Crowdsourcing Based Evaluation Technique for Word Embedding Methods}}
@INPROCEEDINGS{repeval16-024,
   AUTHOR = {Ettinger, Allyson and Linzen, Tal},
   SORTNAME = {Ettinger, Allyson and Linzen, Tal},
   TITLE = {Evaluating vector space models using human semantic priming results}}
@INPROCEEDINGS{repeval16-028,
   AUTHOR = {Borbély, Gábor and Makrai, Márton and Nemeskey, Dávid Márk and Kornai, Andras},
   SORTNAME = {Borbely, Gabor and Makrai, Marton and Nemeskey, David Mark and Kornai, Andras},
   TITLE = {Evaluating multi-sense embeddings for semantic resolution monolingually and in word translation}}
@INPROCEEDINGS{repeval16-033,
   AUTHOR = {Saphra, Naomi},
   SORTNAME = {Saphra, Naomi},
   TITLE = {Evaluating Informal-Domain Word Representations With UrbanDictionary}}
@INPROCEEDINGS{repeval16-025,
   AUTHOR = {Ács, Judit and Kornai, Andras},
   SORTNAME = {Acs, Judit and Kornai, Andras},
   TITLE = {Evaluating embeddings on dictionary-based similarity}}
@INPROCEEDINGS{repeval16-019,
   AUTHOR = {Milajevs, Dmitrijs and Griffiths, Sascha},
   SORTNAME = {Milajevs, Dmitrijs and Griffiths, Sascha},
   TITLE = {A Proposal for Linguistic Similarity Datasets Based on Commonality Lists}}
@INPROCEEDINGS{repeval16-016,
   AUTHOR = {Gladkova, Anna and Drozd, Aleksandr},
   SORTNAME = {Gladkova, Anna and Drozd, Aleksandr},
   TITLE = {Intrinsic Evaluations of Word Embeddings: What Can We Do Better?}}
@INPROCEEDINGS{repeval16-021,
   AUTHOR = {Ghannay, Sahar and Estève, Yannick and Camelin, Nathalie and Deleglise, Paul},
   SORTNAME = {Ghannay, Sahar and Esteve, Yannick and Camelin, Nathalie and Deleglise, Paul},
   TITLE = {Evaluation of acoustic word embeddings}}
