@INPROCEEDINGS{WAC-X-005,
   AUTHOR = {Horsmann, Tobias and Zesch, Torsten},
   SORTNAME = {Horsmann, Tobias and Zesch, Torsten},
   TITLE = {LTL-UDE \@ EmpiriST 2015: Tokenization and PoS Tagging of Social Media Text}}
@INPROCEEDINGS{WAC-X-020,
   AUTHOR = {Krause, Anne},
   SORTNAME = {Krause, Anne},
   TITLE = {The Challenges and Joys of Analysing Ongoing Language Change in Web-based Corpora: a Case Study}}
@INPROCEEDINGS{WAC-X-003,
   AUTHOR = {Mendels, Gideon and Cooper, Erica and Hirschberg, Julia},
   SORTNAME = {Mendels, Gideon and Cooper, Erica and Hirschberg, Julia},
   TITLE = {Babler - Data Collection from the Web to Support Speech Recognition and Keyword Search}}
@INPROCEEDINGS{WAC-X-013,
   AUTHOR = {Dalan, Erika and Sharoff, Serge},
   SORTNAME = {Dalan, Erika and Sharoff, Serge},
   TITLE = {Genre classification for a corpus of academic webpages}}
@INPROCEEDINGS{WAC-X-010,
   AUTHOR = {Barbaresi, Adrien},
   SORTNAME = {Barbaresi, Adrien},
   TITLE = {Efficient construction of metadata-enhanced web corpora}}
@INPROCEEDINGS{WAC-X-015,
   AUTHOR = {Remus, Steffen and Hintz, Gerold and Biemann, Chris and Meyer, Christian M. and Benikova, Darina and Eckle-Kohler, Judith and Mieskes, Margot and Arnold, Thomas},
   SORTNAME = {Remus, Steffen and Hintz, Gerold and Biemann, Chris and Meyer, Christian M. and Benikova, Darina and Eckle-Kohler, Judith and Mieskes, Margot and Arnold, Thomas},
   TITLE = {EmpiriST: AIPHES - Robust Tokenization and POS-Tagging for Different Genres}}
@INPROCEEDINGS{WAC-X-011,
   AUTHOR = {Ljubešić, Nikola and Fišer, Darja},
   SORTNAME = {Ljubesic, Nikola and Fiser, Darja},
   TITLE = {A Global Analysis of Emoji Usage}}
@INPROCEEDINGS{WAC-X-014,
   AUTHOR = {Würschinger, Quirin and Elahi, Mohammad Fazleh and Zhekova, Desislava and Schmid, Hans-Jörg},
   SORTNAME = {Wurschinger, Quirin and Elahi, Mohammad Fazleh and Zhekova, Desislava and Schmid, Hans-Jorg},
   TITLE = {Using the Web and Social Media as Corpora for Monitoring the Spread of Neologisms. The case of 'rapefugee', 'rapeugee', and 'rapugee'.}}
@INPROCEEDINGS{WAC-X-022,
   AUTHOR = {Beißwenger, Michael and Bartsch, Sabine and Evert, Stefan and Würzner, Kay-Michael},
   SORTNAME = {Beißwenger, Michael and Bartsch, Sabine and Evert, Stefan and Wurzner, Kay-Michael},
   TITLE = {EmpiriST 2015: A Shared Task on the Automatic Linguistic Annotation of Computer-Mediated Communication and Web Corpora}}
@INPROCEEDINGS{WAC-X-002,
   AUTHOR = {Prange, Jakob and Horbach, Andrea and Thater, Stefan},
   SORTNAME = {Prange, Jakob and Horbach, Andrea and Thater, Stefan},
   TITLE = {UdS-(retrain|distributional|surface): Improving POS Tagging for OOV Words in German CMC and Web Data}}
@INPROCEEDINGS{WAC-X-017,
   AUTHOR = {Salway, Andrew and Elgesem, Dag and Hofland, Knut and Reigem, Øystein and Steskal, Lubos},
   SORTNAME = {Salway, Andrew and Elgesem, Dag and Hofland, Knut and Reigem, Øystein and Steskal, Lubos},
   TITLE = {Topically-focused Blog Corpora for Multiple Languages}}
@INPROCEEDINGS{WAC-X-012,
   AUTHOR = {Schäfer, Roland and Bildhauer, Felix},
   SORTNAME = {Schafer, Roland and Bildhauer, Felix},
   TITLE = {Automatic Classification by Topic Domain for Meta Data Generation, Web Corpus Evaluation, and Corpus Comparison}}
@INPROCEEDINGS{WAC-X-004,
   AUTHOR = {Proisl, Thomas and Uhrig, Peter},
   SORTNAME = {Proisl, Thomas and Uhrig, Peter},
   TITLE = {SoMaJo: State-of-the-art tokenization for German web and social media texts}}
@INPROCEEDINGS{WAC-X-016,
   AUTHOR = {Stemle, Egon},
   SORTNAME = {Stemle, Egon},
   TITLE = {bot.zen \@ EmpiriST 2015 - A minimally-deep learning PoS-tagger (trained for German CMC and Web data)}}
@INPROCEEDINGS{WAC-X-021,
   AUTHOR = {Schäfer, Roland},
   SORTNAME = {Schafer, Roland},
   TITLE = {On Bias-free Crawling and Representative Web Corpora}}
