@INPROCEEDINGS{demos-049,
   AUTHOR = {Massung, Sean and Geigle, Chase and Zhai, ChengXiang},
   SORTNAME = {Massung, Sean and Geigle, Chase and Zhai, ChengXiang},
   TITLE = {MeTA: A Unified Toolkit for Text Retrieval and Analysis}}
@INPROCEEDINGS{demos-020,
   AUTHOR = {Madnani, Nitin and Burstein, Jill and Sabatini, John and Biggers, Kietha and Andreyev, Slava},
   SORTNAME = {Madnani, Nitin and Burstein, Jill and Sabatini, John and Biggers, Kietha and Andreyev, Slava},
   TITLE = {Language Muse: Automated Linguistic Activity Generation for English Language Learners}}
@INPROCEEDINGS{demos-044,
   AUTHOR = {Steinberger, Josef},
   SORTNAME = {Steinberger, Josef},
   TITLE = {MediaGist: A Cross-lingual Analyser of Aggregated News and Commentaries}}
@INPROCEEDINGS{demos-060,
   AUTHOR = {Litvak, Marina and Vanetik, Natalia and Last, Mark and Churkin, Elena},
   SORTNAME = {Litvak, Marina and Vanetik, Natalia and Last, Mark and Churkin, Elena},
   TITLE = {MUSEEC: A Multilingual Text Summarization Tool}}
@INPROCEEDINGS{demos-038,
   AUTHOR = {Kirschnick, Johannes and Hemsen, Holmer and Markl, Volker},
   SORTNAME = {Kirschnick, Johannes and Hemsen, Holmer and Markl, Volker},
   TITLE = {JEDI: Joint Entity and Relation Detection using Type Inference}}
@INPROCEEDINGS{demos-023,
   AUTHOR = {Meyer, Christian M. and Benikova, Darina and Mieskes, Margot and Gurevych, Iryna},
   SORTNAME = {Meyer, Christian M. and Benikova, Darina and Mieskes, Margot and Gurevych, Iryna},
   TITLE = {MDSWriter: Annotation Tool for Creating High-Quality Multi-Document Summarization Corpora}}
@INPROCEEDINGS{demos-061,
   AUTHOR = {Chinkina, Maria and Kannan, Madeeswaran and Meurers, Detmar},
   SORTNAME = {Chinkina, Maria and Kannan, Madeeswaran and Meurers, Detmar},
   TITLE = {Online Information Retrieval for Language Learning}}
@INPROCEEDINGS{demos-087,
   AUTHOR = {Lee, John and Luo, Mengqi},
   SORTNAME = {Lee, John and Luo, Mengqi},
   TITLE = {Personalized Exercises for Preposition Learning}}
@INPROCEEDINGS{demos-015,
   AUTHOR = {Kiela, Douwe},
   SORTNAME = {Kiela, Douwe},
   TITLE = {MMFeat: A Toolkit for Extracting Multi-Modal Features}}
@INPROCEEDINGS{demos-081,
   AUTHOR = {Noji, Hiroshi and Miyao, Yusuke},
   SORTNAME = {Noji, Hiroshi and Miyao, Yusuke},
   TITLE = {Jigg: A Framework for an Easy Natural Language Processing Pipeline}}
@INPROCEEDINGS{demos-011,
   AUTHOR = {Cram, Damien and Daille, Beatrice},
   SORTNAME = {Cram, Damien and Daille, Beatrice},
   TITLE = {Terminology Extraction with Term Variant Detection}}
@INPROCEEDINGS{demos-048,
   AUTHOR = {Ge, Tong and Wang, Yafang and de Melo, Gerard and Li, Haofeng and Chen, Baoquan},
   SORTNAME = {Ge, Tong and Wang, Yafang and de Melo, Gerard and Li, Haofeng and Chen, Baoquan},
   TITLE = {Visualizing and Curating Knowledge Graphs over Time and Space}}
@INPROCEEDINGS{demos-030,
   AUTHOR = {Akbik, Alan and Li, Yunyao},
   SORTNAME = {Akbik, Alan and Li, Yunyao},
   TITLE = {POLYGLOT: Multilingual Semantic Role Labeling with Unified Labels}}
@INPROCEEDINGS{demos-065,
   AUTHOR = {Yimam, Seid Muhie and Ulrich, Heiner and von Landesberger, Tatiana and Rosenbach, Marcel and Regneri, Michaela and Panchenko, Alexander and Lehmann, Franziska and Fahrer, Uli and Biemann, Chris and Ballweg, Kathrin},
   SORTNAME = {Yimam, Seid Muhie and Ulrich, Heiner and von Landesberger, Tatiana and Rosenbach, Marcel and Regneri, Michaela and Panchenko, Alexander and Lehmann, Franziska and Fahrer, Uli and Biemann, Chris and Ballweg, Kathrin},
   TITLE = {new/s/leak --- Information Extraction and Visualization for Investigative Data Journalists}}
@INPROCEEDINGS{demos-071,
   AUTHOR = {Sayeed, Asad and Hong, Xudong and Demberg, Vera},
   SORTNAME = {Sayeed, Asad and Hong, Xudong and Demberg, Vera},
   TITLE = {Roleo: Visualising Thematic Fit Spaces on the Web}}
@INPROCEEDINGS{demos-042,
   AUTHOR = {Tixier, Antoine and Skianis, Konstantinos and Vazirgiannis, Michalis},
   SORTNAME = {Tixier, Antoine and Skianis, Konstantinos and Vazirgiannis, Michalis},
   TITLE = {GoWvis: A Web Application for Graph-of-Words-based Text Visualization and Summarization}}
@INPROCEEDINGS{demos-024,
   AUTHOR = {Jalalvand, Shahab and Negri, Matteo and Turchi, Marco and C. de Souza, José G. and Daniele, Falavigna and Qwaider, Mohammed R. H.},
   SORTNAME = {Jalalvand, Shahab and Negri, Matteo and Turchi, Marco and C. de Souza, Jose G. and Daniele, Falavigna and Qwaider, Mohammed R. H.},
   TITLE = {TranscRater: a Tool for Automatic Speech Recognition Quality Estimation}}
@INPROCEEDINGS{demos-034,
   AUTHOR = {Lison, Pierre and Kennington, Casey},
   SORTNAME = {Lison, Pierre and Kennington, Casey},
   TITLE = {OpenDial: A Toolkit for Developing Spoken Dialogue Systems with Probabilistic Rules}}
@INPROCEEDINGS{demos-086,
   AUTHOR = {Pradhan, Sameer and Cole, Ron and Ward, Wayne},
   SORTNAME = {Pradhan, Sameer and Cole, Ron and Ward, Wayne},
   TITLE = {My Science Tutor—Learning Science with a Conversational Virtual Tutor}}
@INPROCEEDINGS{demos-070,
   AUTHOR = {Georgi, Ryan and Goodman, Michael Wayne and Xia, Fei},
   SORTNAME = {Georgi, Ryan and Goodman, Michael Wayne and Xia, Fei},
   TITLE = {A Web-framework for ODIN Annotation}}
@INPROCEEDINGS{demos-033,
   AUTHOR = {Rahimi, Afshin and Cohn, Trevor and Baldwin, Timothy},
   SORTNAME = {Rahimi, Afshin and Cohn, Trevor and Baldwin, Timothy},
   TITLE = {pigeo: A Python Geotagging Tool}}
@INPROCEEDINGS{demos-012,
   AUTHOR = {Hennig, Leonhard and Thomas, Philippe and Ai, Renlong and Kirschnick, Johannes and Wang, He and Pannier, Jakob and Zimmermann, Nora and Schmeier, Sven and Xu, Feiyu and Ostwald, Jan and Uszkoreit, Hans},
   SORTNAME = {Hennig, Leonhard and Thomas, Philippe and Ai, Renlong and Kirschnick, Johannes and Wang, He and Pannier, Jakob and Zimmermann, Nora and Schmeier, Sven and Xu, Feiyu and Ostwald, Jan and Uszkoreit, Hans},
   TITLE = {Real-Time Discovery and Geospatial Visualization of Mobility and Industry Events from Large-Scale, Heterogeneous Data Streams}}
@INPROCEEDINGS{demos-072,
   AUTHOR = {Uryupina, Olga and Plank, Barbara and Barlacchi, Gianni and Valverde-Albacete, Francisco J and Tsagkias, Manos and Uva, Antonio and Moschitti, Alessandro},
   SORTNAME = {Uryupina, Olga and Plank, Barbara and Barlacchi, Gianni and Valverde-Albacete, Francisco J and Tsagkias, Manos and Uva, Antonio and Moschitti, Alessandro},
   TITLE = {LiMoSINe Pipeline: Multilingual UIMA-based NLP Platform}}
@INPROCEEDINGS{demos-051,
   AUTHOR = {Ploch, Danuta and Lommatzsch, Andreas and Schultze, Florian},
   SORTNAME = {Ploch, Danuta and Lommatzsch, Andreas and Schultze, Florian},
   TITLE = {An Advanced Press Review System Combining Deep News Analysis and Machine Learning Algorithms}}
@INPROCEEDINGS{demos-025,
   AUTHOR = {Ernst, Patrick and Siu, Amy and Milchevski, Dragan and Hoffart, Johannes and Weikum, Gerhard},
   SORTNAME = {Ernst, Patrick and Siu, Amy and Milchevski, Dragan and Hoffart, Johannes and Weikum, Gerhard},
   TITLE = {DeepLife: An Entity-aware Search, Analytics and Exploration Platform for Health and Life Sciences}}
@INPROCEEDINGS{demos-082,
   AUTHOR = {Martínez-Gómez, Pascual and Mineshima, Koji and Miyao, Yusuke and Bekki, Daisuke},
   SORTNAME = {Martinez-Gomez, Pascual and Mineshima, Koji and Miyao, Yusuke and Bekki, Daisuke},
   TITLE = {ccg2lambda: A Compositional Semantics System}}
@INPROCEEDINGS{demos-055,
   AUTHOR = {Jalili Sabet, Masoud and Negri, Matteo and Turchi, Marco and C. de Souza, José G. and Federico, Marcello},
   SORTNAME = {Jalili Sabet, Masoud and Negri, Matteo and Turchi, Marco and C. de Souza, Jose G. and Federico, Marcello},
   TITLE = {TMop: a Tool for Unsupervised Translation Memory Cleaning}}
@INPROCEEDINGS{demos-085,
   AUTHOR = {Renduchintala, Adithya and Knowles, Rebecca and Koehn, Philipp and Eisner, Jason},
   SORTNAME = {Renduchintala, Adithya and Knowles, Rebecca and Koehn, Philipp and Eisner, Jason},
   TITLE = {Creating Interactive Macaronic Interfaces for Language Learning}}
