@INPROCEEDINGS{latech-039,
   AUTHOR = {Le, Dieu-Thu and Vu, Ngoc Thang and Blessing, Andre},
   SORTNAME = {Le, Dieu-Thu and Vu, Ngoc Thang and Blessing, Andre},
   TITLE = {Towards a text analysis system for political debates}}
@INPROCEEDINGS{latech-020,
   AUTHOR = {Hellrich, Johannes and Hahn, Udo},
   SORTNAME = {Hellrich, Johannes and Hahn, Udo},
   TITLE = {An Assessment of Experimental Protocols for Tracing Changes in Word Semantics Relative to Accuracy and Reliability}}
@INPROCEEDINGS{latech-006,
   AUTHOR = {Budassi, Marco and Passarotti, Marco},
   SORTNAME = {Budassi, Marco and Passarotti, Marco},
   TITLE = {Nomen Omen. Enhancing the Latin Morphological Analyser Lemlat with an Onomasticon}}
@INPROCEEDINGS{latech-003,
   AUTHOR = {Hiippala, Tuomo},
   SORTNAME = {Hiippala, Tuomo},
   TITLE = {Semi-automated annotation of page-based documents within the Genre and Multimodality framework}}
@INPROCEEDINGS{latech-032,
   AUTHOR = {Iglesias-Franjo, Estíbaliz and Vilares, Jesús},
   SORTNAME = {Iglesias-Franjo, Estibaliz and Vilares, Jesus},
   TITLE = {Searching Four-Millenia-Old Digitized Documents: A Text Retrieval System for Egyptologists}}
@INPROCEEDINGS{latech-015,
   AUTHOR = {Adesam, Yvonne and Bouma, Gerlof},
   SORTNAME = {Adesam, Yvonne and Bouma, Gerlof},
   TITLE = {Old Swedish Part-of-Speech Tagging between Variation and External Knowledge}}
@INPROCEEDINGS{latech-011,
   AUTHOR = {Joshi, Aditya and Bhattacharyya, Pushpak and Carman, Mark and Saraswati, Jaya and Shukla, Rajita},
   SORTNAME = {Joshi, Aditya and Bhattacharyya, Pushpak and Carman, Mark and Saraswati, Jaya and Shukla, Rajita},
   TITLE = {How Do Cultural Differences Impact the Quality of Sarcasm Annotation?: A Case Study of Indian Annotators and American Text}}
@INPROCEEDINGS{latech-030,
   AUTHOR = {Barteld, Fabian and Schröder, Ingrid and Zinsmeister, Heike},
   SORTNAME = {Barteld, Fabian and Schroder, Ingrid and Zinsmeister, Heike},
   TITLE = {Dealing with word-internal modification and spelling variation in data-driven lemmatization}}
@INPROCEEDINGS{latech-022,
   AUTHOR = {Schulz, Sarah and Keller, Mareike},
   SORTNAME = {Schulz, Sarah and Keller, Mareike},
   TITLE = {Code-Switching Ubique Est - Language Identification and Part-of-Speech Tagging for Historical Mixed Text}}
@INPROCEEDINGS{latech-035,
   AUTHOR = {Opitz, Juri and Frank, Anette},
   SORTNAME = {Opitz, Juri and Frank, Anette},
   TITLE = {Deriving Players \& Themes in the Regesta Imperii using SVMs and Neural Networks}}
@INPROCEEDINGS{latech-017,
   AUTHOR = {Degaetano-Ortlieb, Stefania and Teich, Elke},
   SORTNAME = {Degaetano-Ortlieb, Stefania and Teich, Elke},
   TITLE = {Information-based Modeling of Diachronic Linguistic Change: from Typicality to Productivity}}
@INPROCEEDINGS{latech-042,
   AUTHOR = {Schumann, Anne-Kathrin},
   SORTNAME = {Schumann, Anne-Kathrin},
   TITLE = {Brave New World: Uncovering Topical Dynamics in the ACL Anthology Reference Corpus Using Term Life Cycle Information}}
@INPROCEEDINGS{latech-024,
   AUTHOR = {Schoene, Annika Marie and Dethlefs, Nina},
   SORTNAME = {Schoene, Annika Marie and Dethlefs, Nina},
   TITLE = {Automatic Identification of Suicide Notes from Linguistic and Sentiment Features}}
@INPROCEEDINGS{latech-034,
   AUTHOR = {Coll Ardanuy, Mariona and van den Bos, Maarten and Sporleder, Caroline},
   SORTNAME = {Coll Ardanuy, Mariona and van den Bos, Maarten and Sporleder, Caroline},
   TITLE = {You Shall Know People by the Company They Keep: Person Name Disambiguation for Social Network Construction}}
@INPROCEEDINGS{latech-012,
   AUTHOR = {Elsner, Micha and Lane, Emily},
   SORTNAME = {Elsner, Micha and Lane, Emily},
   TITLE = {Automatic discovery of Latin syntactic changes}}
@INPROCEEDINGS{latech-051,
   AUTHOR = {Karan, Mladen and Šnajder, Jan and Sirinic, Daniela and Glavaš, Goran},
   SORTNAME = {Karan, Mladen and Snajder, Jan and Sirinic, Daniela and Glavas, Goran},
   TITLE = {Analysis of Policy Agendas: Lessons Learned from Automatic Topic Classification of Croatian Political Texts}}
@INPROCEEDINGS{latech-016,
   AUTHOR = {Etxeberria, Izaskun and Alegria, Iñaki and Uria, Larraitz and Hulden, Mans},
   SORTNAME = {Etxeberria, Izaskun and Alegria, Inaki and Uria, Larraitz and Hulden, Mans},
   TITLE = {Combining Phonology and Morphology for the Normalization of Historical Texts}}
@INPROCEEDINGS{latech-021,
   AUTHOR = {Simon, Eszter and Vincze, Veronika},
   SORTNAME = {Simon, Eszter and Vincze, Veronika},
   TITLE = {Universal Morphology for Old Hungarian}}
@INPROCEEDINGS{latech-050,
   AUTHOR = {Hulden, Vilja},
   SORTNAME = {Hulden, Vilja},
   TITLE = {Whodunit... and to Whom? Subjects, Objects, and Actions in Research Articles on American Labor Unions}}
@INPROCEEDINGS{latech-018,
   AUTHOR = {Sönmez, Çağıl and Özgür, Arzucan and Yörük, Erdem},
   SORTNAME = {Sonmez, Cagıl and Ozgur, Arzucan and Yoruk, Erdem},
   TITLE = {Towards Building a Political Protest Database to Explain Changes in the Welfare State}}
@INPROCEEDINGS{latech-008,
   AUTHOR = {Zeldes, Amir and Schroeder, Caroline T.},
   SORTNAME = {Zeldes, Amir and Schroeder, Caroline T.},
   TITLE = {An NLP Pipeline for Coptic}}
