@INPROCEEDINGS{workshop1,
  title = {First Conference on Machine Translation (WMT)},
  author = {Haddow, Barry and Koehn, Philipp and Bojar, Ondrej and Huck, Matthias and Federmann, Christian and Monz, Christof and Post, Matt and Specia, Lucia},
  sortname = {Haddow, Barry and Koehn, Philipp and Bojar, Ondrej and Huck, Matthias and Federmann, Christian and Monz, Christof and Post, Matt and Specia, Lucia}
}
                  
@INPROCEEDINGS{workshop2,
  title = {1st Workshop on Representation Learning for NLP},
  author = {Blunsom, Phil and Cho Kyunghyun and Cohen, Shay and Grefenstette, Edward and Hermann, Karl Moritz and Rimell, Laura and Weston, Jason and Wen-tau Yih, Scott},
  sortname = {Blunsom, Phil and Cho Kyunghyun and Cohen, Shay and Grefenstette, Edward and Hermann, Karl Moritz and Rimell, Laura and Weston, Jason and Wen-tau Yih, Scott}
}
                  
@INPROCEEDINGS{workshop3,
  title = {SIGANN's Linguistic Annotation Workshop},
  author = {Ide, Nancy and Meyers, Adam and Tomanek, Katrin and Friedrich, Annemarie},
  sortname = {Ide, Nancy and Meyers, Adam and Tomanek, Katrin and Friedrich, Annemarie}
}

@INPROCEEDINGS{workshop4,
  title = {12th Workshop on Multiword Expressions},
  sortname = {Kordoni, Valia and Egg, Markus and Cholakov, Kostadin and Nakov, Preslav and Markantonatou, Stella},
  author = {Kordoni, Valia and Egg, Markus and Cholakov, Kostadin and Nakov, Preslav and Markantonatou, Stella}
}

@INPROCEEDINGS{workshop5,
  title = {7th Workshop on Cognitive Aspects of Computational Language Learning},
  sortname = {Korhonen, Anna and Lenci, Alessandro and Poibeau, Thierry and Villavicencio, Aline},
  author = {Korhonen, Anna and Lenci, Alessandro and Poibeau, Thierry and Villavicencio, Aline}
}

@INPROCEEDINGS{workshop6,
  title = {14th SIGMORPHON Workshop on Computational Research in Phonetics, Phonology, and Morphology},
  sortname = {Elsner, Micha and Kuebler, Sandra},
  author = {Elsner, Micha and Kuebler, Sandra}
}

@INPROCEEDINGS{workshop7,
  title = {The 11th Workshop on Multiword Expressions},
  sortname = {Reiter, Nils and Alex, Beatrice and Zervanou, Kalliopi A.},
  author = {Reiter, Nils and Alex, Beatrice and Zervanou, Kalliopi A.}
}

%% %% FRIDAY %%%%%%%%%%%%%%%%%%%%%%%%%%%%%%%%%%%%%%%%%%%%%%%%%%%%%%%
\setdaydateyear{Friday}{August 12}{2016}
\setheaders{One-day Workshops}{\daydateyear}

@INPROCEEDINGS{workshop8,
  title = {5th Workshop on Vision and Language},
  sortname = {Belz, Anya and Pastra, Katerina and Erdem, Erkut and Mikolajczyk, Krystian},
  author = {Belz, Anya and Pastra, Katerina and Erdem, Erkut and Mikolajczyk, Krystian}
}

@INPROCEEDINGS{workshop9,
  title = {15th Workshop on Biomedical Natural Language Processing},
  sortname = {Cohen, Kevin B. and Demner Fushman, Dina and Ananiadou, Sophia and Tsujii, Jun-ichi},
  author = {Cohen, Kevin B. and Demner Fushman, Dina and Ananiadou, Sophia and Tsujii, Jun-ichi}
}

@INPROCEEDINGS{workshop10,
  title = {SIGFSM Workshop on Statistical NLP and Weighted Automata},
  sortname = {Jurish, Bryan and Maletti, Andreas and Springmann, Uwe and W\"{u}rzner, Kay-Michael},
  author = {Jurish, Bryan and Maletti, Andreas and Springmann, Uwe and W\"{u}rzner, Kay-Michael}
}

@INPROCEEDINGS{workshop11,
  title = {1st Workshop on Evaluating Vector-Space Representations for NLP},
  sortname = {Levy, Omer and Hill, Felix and Reichart, Roi and Cho, Kyunghyun and Korhonen, Anna and Goldberg, Yoav and Bordes, Antoine},
  author = {Levy, Omer and Hill, Felix and Reichart, Roi and Cho, Kyunghyun and Korhonen, Anna and Goldberg, Yoav and Bordes, Antoine}
}

@INPROCEEDINGS{workshop12,
  title = {10th Web as Corpus Workshop},
  sortname = {Cook, Paul C. and Evert, Stefan and Sch\"{a}fer, Roland and Stemle, Egon},
  author = {Cook, Paul C. and Evert, Stefan and Sch\"{a}fer, Roland and Stemle, Egon}
}

@INPROCEEDINGS{workshop13,
  title = {6th NEWS Named Entities Workshop},
  sortname = {Banchs, Rafael E. and Zhang, Min and Li, Haizhou and Kumaran, A.},
  author = {Banchs, Rafael E. and Zhang, Min and Li, Haizhou and Kumaran, A.}
}

@INPROCEEDINGS{workshop14,
  title = {3rd Workshop on Argument Mining},
  sortname = {Reed, Chris and Ashley, Kevin and Cardie, Claire Green, Nancy and Gurevych, Iryna and Litman, Diane and Petasis, Georgios and Slonim, Noam and Walker, Vern},
  author = {Reed, Chris and Ashley, Kevin and Cardie, Claire Green, Nancy and Gurevych, Iryna and Litman, Diane and\
 Petasis, Georgios and Slonim, Noam and Walker, Vern}
}
