@INPROCEEDINGS{mwe-039,
   AUTHOR = {Senaldi, Marco Silvio Giuseppe and Lebani, Gianluca E. and Lenci, Alessandro},
   SORTNAME = {Senaldi, Marco Silvio Giuseppe and Lebani, Gianluca E. and Lenci, Alessandro},
   TITLE = {Lexical Variability and Compositionality: Investigating Idiomaticity with Distributional Semantic Models}}
@INPROCEEDINGS{mwe-006,
   AUTHOR = {Wittmann, Moritz and Weller-Di Marco, Marion and Schulte im Walde, Sabine},
   SORTNAME = {Wittmann, Moritz and Weller-Di Marco, Marion and Schulte im Walde, Sabine},
   TITLE = {Graph-based Clustering of Synonym Senses for German Particle Verbs}}
@INPROCEEDINGS{mwe-044,
   AUTHOR = {Gharbieh, Waseem and Bhavsar, Virendra and Cook, Paul},
   SORTNAME = {Gharbieh, Waseem and Bhavsar, Virendra and Cook, Paul},
   TITLE = {A Word Embedding Approach to Identifying Verb-Noun Idiomatic Combinations}}
@INPROCEEDINGS{mwe-041,
   AUTHOR = {Legrand, Joël and Collobert, Ronan},
   SORTNAME = {Legrand, Joel and Collobert, Ronan},
   TITLE = {Phrase Representations for Multiword Expressions}}
@INPROCEEDINGS{mwe-029,
   AUTHOR = {Daniel, Tal and Last, Mark},
   SORTNAME = {Daniel, Tal and Last, Mark},
   TITLE = {Exploring Long-Term Temporal Trends in the Use of Multiword Expressions}}
@INPROCEEDINGS{mwe-013,
   AUTHOR = {Petruck, Miriam R L and Ellsworth, Michael},
   SORTNAME = {Petruck, Miriam R L and Ellsworth, Michael},
   TITLE = {Representing Support Verbs in FrameNet}}
@INPROCEEDINGS{mwe-037,
   AUTHOR = {Nokel, Michael and Loukachevitch, Natalia},
   SORTNAME = {Nokel, Michael and Loukachevitch, Natalia},
   TITLE = {Accounting ngrams and multi-word terms can improve topic models}}
@INPROCEEDINGS{mwe-011,
   AUTHOR = {Ziering, Patrick and Müller, Stefan and van der Plas, Lonneke},
   SORTNAME = {Ziering, Patrick and Muller, Stefan and van der Plas, Lonneke},
   TITLE = {Top a Splitter: Using Distributional Semantics for Improving Compound Splitting}}
@INPROCEEDINGS{mwe-031,
   AUTHOR = {Farahmand, Meghdad and Henderson, James},
   SORTNAME = {Farahmand, Meghdad and Henderson, James},
   TITLE = {Modeling the Non-Substitutability of Multiword Expressions with Distributional Semantics and a Log-Linear Model}}
@INPROCEEDINGS{mwe-030,
   AUTHOR = {Chrząszcz, Paweł},
   SORTNAME = {Chrzaszcz, Paweł},
   TITLE = {Extraction and Recognition of Polish Multiword Expressions using Wikipedia and Finite-State Automata}}
@INPROCEEDINGS{mwe-014,
   AUTHOR = {Bestgen, Yves},
   SORTNAME = {Bestgen, Yves},
   TITLE = {Using collocational features to improve automated scoring of EFL texts}}
@INPROCEEDINGS{mwe-002,
   AUTHOR = {Cholakov, Kostadin and Kordoni, Valia},
   SORTNAME = {Cholakov, Kostadin and Kordoni, Valia},
   TITLE = {Using Word Embeddings for Improving Statistical Machine Translation of Phrasal Verbs}}
@INPROCEEDINGS{mwe-047,
   AUTHOR = {Ramisch, Carlos and Cordeiro, Silvio and Villavicencio, Aline},
   SORTNAME = {Ramisch, Carlos and Cordeiro, Silvio and Villavicencio, Aline},
   TITLE = {Filtering and Measuring the Intrinsic Quality of Human Compositionality Judgments}}
@INPROCEEDINGS{mwe-012,
   AUTHOR = {Costa, Angela and Coheur, Luísa and Lino, Teresa},
   SORTNAME = {Costa, Angela and Coheur, Luisa and Lino, Teresa},
   TITLE = {A study on the production of collocations by European Portuguese learners}}
@INPROCEEDINGS{mwe-025,
   AUTHOR = {Uresova, Zdenka and Bejček, Eduard and Hajic, Jan},
   SORTNAME = {Uresova, Zdenka and Bejcek, Eduard and Hajic, Jan},
   TITLE = {Inherently Pronominal Verbs in Czech: Description and Conversion Based on Treebank Annotation}}
@INPROCEEDINGS{mwe-019,
   AUTHOR = {Riedl, Martin and Biemann, Chris},
   SORTNAME = {Riedl, Martin and Biemann, Chris},
   TITLE = {Impact of MWE Resources on Multiword Recognition}}
@INPROCEEDINGS{mwe-018,
   AUTHOR = {Yimam, Seid Muhie and Martínez Alonso, Héctor and Riedl, Martin and Biemann, Chris},
   SORTNAME = {Yimam, Seid Muhie and Martinez Alonso, Hector and Riedl, Martin and Biemann, Chris},
   TITLE = {Learning Paraphrasing for Multiword Expressions}}
