@INPROCEEDINGS{BioNLP16-005,
   AUTHOR = {Miller, Timothy and Dligach, Dmitriy and Savova, Guergana},
   SORTNAME = {Miller, Timothy and Dligach, Dmitriy and Savova, Guergana},
   TITLE = {Unsupervised Document Classification with Informed Topic Models}}
@INPROCEEDINGS{BioNLP16-039,
   AUTHOR = {Chapman, Brian E. and Mowery, Danielle L and Narasimhan, Evan and Patel, Neel and Chapman, Wendy and Heilbrun, Marta},
   SORTNAME = {Chapman, Brian E. and Mowery, Danielle L and Narasimhan, Evan and Patel, Neel and Chapman, Wendy and Heilbrun, Marta},
   TITLE = {Assessing the Feasibility of an Automated Suggestion System for Communicating Critical Findings from Chest Radiology Reports to Referring Physicians}}
@INPROCEEDINGS{BioNLP16-020,
   AUTHOR = {Limsopatham, Nut and Collier, Nigel},
   SORTNAME = {Limsopatham, Nut and Collier, Nigel},
   TITLE = {Modelling the Combination of Generic and Target Domain Embeddings in a Convolutional Neural Network for Sentence Classification}}
@INPROCEEDINGS{BioNLP16-041,
   AUTHOR = {Cotik, Viviana and Stricker, Vanesa and Vivaldi, Jorge and Rodriguez, Horacio},
   SORTNAME = {Cotik, Viviana and Stricker, Vanesa and Vivaldi, Jorge and Rodriguez, Horacio},
   TITLE = {Syntactic methods for negation detection in radiology reports in Spanish}}
@INPROCEEDINGS{BioNLP16-003,
   AUTHOR = {Shivade, Chaitanya and de Marneffe, Marie-Catherine and Fosler-Lussier, Eric and Lai, Albert M.},
   SORTNAME = {Shivade, Chaitanya and de Marneffe, Marie-Catherine and Fosler-Lussier, Eric and Lai, Albert M.},
   TITLE = {Identification, characterization, and grounding of gradable terms in clinical text}}
@INPROCEEDINGS{BioNLP16-013,
   AUTHOR = {Pilehvar, Mohammad Taher and Collier, Nigel},
   SORTNAME = {Pilehvar, Mohammad Taher and Collier, Nigel},
   TITLE = {Improved Semantic Representation for Domain-Specific Entities}}
@INPROCEEDINGS{BioNLP16-038,
   AUTHOR = {Connolly, Brian and Glass, Benjamin and Pestian, John},
   SORTNAME = {Connolly, Brian and Glass, Benjamin and Pestian, John},
   TITLE = {An Information Foraging Approach to Determining the Number of Relevant Features}}
@INPROCEEDINGS{BioNLP16-023,
   AUTHOR = {Castano, Jose and Gambarte, María Laura and Park, Hee Joon and Avila Williams, Maria del Pilar and Perez, David and Campos, Fernando and Luna, Daniel and Benitez, Sonia and Berinsky, Hernan and Zanetti, Sofía},
   SORTNAME = {Castano, Jose and Gambarte, Maria Laura and Park, Hee Joon and Avila Williams, Maria del Pilar and Perez, David and Campos, Fernando and Luna, Daniel and Benitez, Sonia and Berinsky, Hernan and Zanetti, Sofia},
   TITLE = {A Machine Learning Approach to Clinical Terms Normalization}}
@INPROCEEDINGS{BioNLP16-027,
   AUTHOR = {Kocbek, Simon and Groza, Tudor},
   SORTNAME = {Kocbek, Simon and Groza, Tudor},
   TITLE = {Building a dictionary of lexical variants for phenotype descriptors}}
@INPROCEEDINGS{BioNLP16-010,
   AUTHOR = {Tulkens, Stephan and Suster, Simon and Daelemans, Walter},
   SORTNAME = {Tulkens, Stephan and Suster, Simon and Daelemans, Walter},
   TITLE = {Using Distributed Representations to Disambiguate Biomedical and Clinical Concepts}}
@INPROCEEDINGS{BioNLP16-026,
   AUTHOR = {Hahn-Powell, Gus and Bell, Dane and Valenzuela-Escárcega, Marco A. and Surdeanu, Mihai},
   SORTNAME = {Hahn-Powell, Gus and Bell, Dane and Valenzuela-Escarcega, Marco A. and Surdeanu, Mihai},
   TITLE = {This before That: Causal Precedence in the Biomedical Domain}}
@INPROCEEDINGS{BioNLP16-011,
   AUTHOR = {Kilicoglu, Halil},
   SORTNAME = {Kilicoglu, Halil},
   TITLE = {Inferring Implicit Causal Relationships in Biomedical Literature}}
@INPROCEEDINGS{BioNLP16-030,
   AUTHOR = {Velupillai, Sumithra and Mowery, Danielle L and Conway, Mike and Hurdle, John and Kious, Brent},
   SORTNAME = {Velupillai, Sumithra and Mowery, Danielle L and Conway, Mike and Hurdle, John and Kious, Brent},
   TITLE = {Vocabulary Development To Support Information Extraction of Substance Abuse from Psychiatry Notes}}
@INPROCEEDINGS{BioNLP16-007,
   AUTHOR = {Sheikhshab, Golnar and Starks, Elizabeth and Karsan, Aly and Sarkar, Anoop and Birol, Inanc},
   SORTNAME = {Sheikhshab, Golnar and Starks, Elizabeth and Karsan, Aly and Sarkar, Anoop and Birol, Inanc},
   TITLE = {Graph-based Semi-supervised Gene Mention Tagging}}
@INPROCEEDINGS{BioNLP16-014,
   AUTHOR = {Spranger, Michael and Palaniappan, Sucheendra and Gosh, Samik},
   SORTNAME = {Spranger, Michael and Palaniappan, Sucheendra and Gosh, Samik},
   TITLE = {Measuring the State of the Art of Automated Pathway Curation Using Graph Algorithms - A Case Study of the mTOR Pathway}}
@INPROCEEDINGS{BioNLP16-022,
   AUTHOR = {Valenzuela-Escárcega, Marco A. and Hahn-Powell, Gus and Bell, Dane and Surdeanu, Mihai},
   SORTNAME = {Valenzuela-Escarcega, Marco A. and Hahn-Powell, Gus and Bell, Dane and Surdeanu, Mihai},
   TITLE = {SnapToGrid: From Statistical to Interpretable Models for Biomedical Information Extraction}}
@INPROCEEDINGS{BioNLP16-035,
   AUTHOR = {Hakala, Kai and Kaewphan, Suwisa and Salakoski, Tapio and Ginter, Filip},
   SORTNAME = {Hakala, Kai and Kaewphan, Suwisa and Salakoski, Tapio and Ginter, Filip},
   TITLE = {Syntactic analyses and named entity recognition for PubMed and PubMed Central — up-to-the-minute}}
@INPROCEEDINGS{BioNLP16-002,
   AUTHOR = {Jacobson, Olof and Dalianis, Hercules},
   SORTNAME = {Jacobson, Olof and Dalianis, Hercules},
   TITLE = {Applying deep learning on electronic health records in Swedish to predict healthcare-associated infections}}
@INPROCEEDINGS{BioNLP16-042,
   AUTHOR = {Chiu, Billy and Crichton, Gamal and Korhonen, Anna and Pyysalo, Sampo},
   SORTNAME = {Chiu, Billy and Crichton, Gamal and Korhonen, Anna and Pyysalo, Sampo},
   TITLE = {How to Train good Word Embeddings for Biomedical NLP}}
@INPROCEEDINGS{BioNLP16-024,
   AUTHOR = {Singh, Ritambhara and Qi, Yanjun},
   SORTNAME = {Singh, Ritambhara and Qi, Yanjun},
   TITLE = {Character based String Kernels for Bio-Entity Relation Detection}}
@INPROCEEDINGS{BioNLP16-028,
   AUTHOR = {Sahu, Sunil and Anand, Ashish and Oruganty, Krishnadev and Gattu, Mahanandeeshwar},
   SORTNAME = {Sahu, Sunil and Anand, Ashish and Oruganty, Krishnadev and Gattu, Mahanandeeshwar},
   TITLE = {Relation extraction from clinical texts using domain invariant convolutional neural network}}
@INPROCEEDINGS{BioNLP16-004,
   AUTHOR = {Gorrell, Genevieve and Oduola, Sherifat and Roberts, Angus and Craig, Tom and Morgan, Craig and Stewart, Rob},
   SORTNAME = {Gorrell, Genevieve and Oduola, Sherifat and Roberts, Angus and Craig, Tom and Morgan, Craig and Stewart, Rob},
   TITLE = {Identifying First Episodes of Psychosis in Psychiatric Patient Records using Machine Learning}}
@INPROCEEDINGS{BioNLP16-025,
   AUTHOR = {Freitag, Dayne and Niekrasz, John},
   SORTNAME = {Freitag, Dayne and Niekrasz, John},
   TITLE = {Feature Derivation for Exploitation of Distant Annotation via Pattern Induction against Dependency Parses}}
@INPROCEEDINGS{BioNLP16-016,
   AUTHOR = {Jiang, Keyuan and Calix, Ricardo and Gupta, Matrika},
   SORTNAME = {Jiang, Keyuan and Calix, Ricardo and Gupta, Matrika},
   TITLE = {Construction of a Personal Experience Tweet Corpus for Health Surveillance}}
@INPROCEEDINGS{BioNLP16-040,
   AUTHOR = {Yeganova, Lana and Kim, Won and Kim, Sun and Islamaj Doğan, Rezarta and Liu, Wanli and Comeau, Donald C and Lu, Zhiyong and Wilbur, W John},
   SORTNAME = {Yeganova, Lana and Kim, Won and Kim, Sun and Islamaj Dogan, Rezarta and Liu, Wanli and Comeau, Donald C and Lu, Zhiyong and Wilbur, W John},
   TITLE = {PubTermVariants: biomedical term variants and their use for PubMed search}}
@INPROCEEDINGS{BioNLP16-021,
   AUTHOR = {Siu, Amy and Ernst, Patrick and Weikum, Gerhard},
   SORTNAME = {Siu, Amy and Ernst, Patrick and Weikum, Gerhard},
   TITLE = {Disambiguation of entities in MEDLINE abstracts by combining MeSH terms with knowledge}}
@INPROCEEDINGS{BioNLP16-001,
   AUTHOR = {Brokos, Georgios-Ioannis and Malakasiotis, Prodromos and Androutsopoulos, Ion},
   SORTNAME = {Brokos, Georgios-Ioannis and Malakasiotis, Prodromos and Androutsopoulos, Ion},
   TITLE = {Using Centroids of Word Embeddings and Word Mover's Distance for Biomedical Document Retrieval in Question Answering}}
@INPROCEEDINGS{BioNLP16-008,
   AUTHOR = {Lin, Chen and Miller, Timothy and Dligach, Dmitriy and Bethard, Steven and Savova, Guergana},
   SORTNAME = {Lin, Chen and Miller, Timothy and Dligach, Dmitriy and Bethard, Steven and Savova, Guergana},
   TITLE = {Improving Temporal Relation Extraction with Training Instance Augmentation}}
