@INPROCEEDINGS{WMT16-097,
   AUTHOR = {Ha, Thanh-Le and Cho, Eunah and Niehues, Jan and Mediani, Mohammed and Sperber, Matthias and Allauzen, Alexandre and Waibel, Alexander},
   SORTNAME = {Ha, Thanh-Le and Cho, Eunah and Niehues, Jan and Mediani, Mohammed and Sperber, Matthias and Allauzen, Alexandre and Waibel, Alexander},
   TITLE = {The Karlsruhe Institute of Technology Systems for the News Translation Task in WMT 2016}}
@INPROCEEDINGS{WMT16-057,
   AUTHOR = {Patel, Raj Nath and M, Sasikumar},
   SORTNAME = {Patel, Raj Nath and M, Sasikumar},
   TITLE = {Translation Quality Estimation using Recurrent Neural Network}}
@INPROCEEDINGS{WMT16-059,
   AUTHOR = {Peter, Jan-Thorsten and Alkhouli, Tamer and Ney, Hermann and Huck, Matthias and Braune, Fabienne and Fraser, Alexander and Tamchyna, Aleš and Bojar, Ondřej and Haddow, Barry and Sennrich, Rico and Blain, Frédéric and Specia, Lucia and Niehues, Jan and Waibel, Alex and Allauzen, Alexandre and Aufrant, Lauriane and Burlot, Franck and knyazeva, elena and Lavergne, Thomas and Yvon, François and Daiber, Joachim and Pinnis, Mārcis},
   SORTNAME = {Peter, Jan-Thorsten and Alkhouli, Tamer and Ney, Hermann and Huck, Matthias and Braune, Fabienne and Fraser, Alexander and Tamchyna, Ales and Bojar, Ondrej and Haddow, Barry and Sennrich, Rico and Blain, Frederic and Specia, Lucia and Niehues, Jan and Waibel, Alex and Allauzen, Alexandre and Aufrant, Lauriane and Burlot, Franck and knyazeva, elena and Lavergne, Thomas and Yvon, Francois and Daiber, Joachim and Pinnis, Marcis},
   TITLE = {The QT21/HimL Combined Machine Translation System}}
@INPROCEEDINGS{WMT16-076,
   AUTHOR = {Novák, Michal},
   SORTNAME = {Novak, Michal},
   TITLE = {Pronoun Prediction with Linguistic Features and Example Weighing}}
@INPROCEEDINGS{WMT16-090,
   AUTHOR = {Duma, Mirela-Stefania and Menzel, Wolfgang},
   SORTNAME = {Duma, Mirela-Stefania and Menzel, Wolfgang},
   TITLE = {Data Selection for IT Texts using Paragraph Vector}}
@INPROCEEDINGS{WMT16-134,
   AUTHOR = {Bojar, Ondřej and Chatterjee, Rajen and Federmann, Christian and Graham, Yvette and Haddow, Barry and Huck, Matthias and Jimeno Yepes, Antonio and Koehn, Philipp and Logacheva, Varvara and Monz, Christof and Negri, Matteo and Neveol, Aurelie and Neves, Mariana and Popel, Martin and Post, Matt and Rubino, Raphael and Scarton, Carolina and Specia, Lucia and Turchi, Marco and Verspoor, Karin and Zampieri, Marcos},
   SORTNAME = {Bojar, Ondrej and Chatterjee, Rajen and Federmann, Christian and Graham, Yvette and Haddow, Barry and Huck, Matthias and Jimeno Yepes, Antonio and Koehn, Philipp and Logacheva, Varvara and Monz, Christof and Negri, Matteo and Neveol, Aurelie and Neves, Mariana and Popel, Martin and Post, Matt and Rubino, Raphael and Scarton, Carolina and Specia, Lucia and Turchi, Marco and Verspoor, Karin and Zampieri, Marcos},
   TITLE = {Findings of the 2016 Conference on Machine Translation}}
@INPROCEEDINGS{WMT16-104,
   AUTHOR = {Beck, Daniel and Vlachos, Andreas and Paetzold, Gustavo and Specia, Lucia},
   SORTNAME = {Beck, Daniel and Vlachos, Andreas and Paetzold, Gustavo and Specia, Lucia},
   TITLE = {SHEF-MIME: Word-level Quality Estimation Using Imitation Learning}}
@INPROCEEDINGS{WMT16-005,
   AUTHOR = {Braune, Fabienne and Fraser, Alexander and Daumé III, Hal and Tamchyna, Aleš},
   SORTNAME = {Braune, Fabienne and Fraser, Alexander and Daume III, Hal and Tamchyna, Ales},
   TITLE = {A Framework for Discriminative Rule Selection in Hierarchical Moses}}
@INPROCEEDINGS{WMT16-102,
   AUTHOR = {Tiedemann, Jörg},
   SORTNAME = {Tiedemann, Jorg},
   TITLE = {A Linear Baseline Classifier for Cross-Lingual Pronoun Prediction}}
@INPROCEEDINGS{WMT16-094,
   AUTHOR = {Ive, Julia and Max, Aurélien and Yvon, François},
   SORTNAME = {Ive, Julia and Max, Aurelien and Yvon, Francois},
   TITLE = {LIMSI's Contribution to the WMT'16 Biomedical Translation Task}}
@INPROCEEDINGS{WMT16-058,
   AUTHOR = {Huck, Matthias and Fraser, Alexander and Haddow, Barry},
   SORTNAME = {Huck, Matthias and Fraser, Alexander and Haddow, Barry},
   TITLE = {The Edinburgh/LMU Hierarchical Machine Translation System for WMT 2016}}
@INPROCEEDINGS{WMT16-122,
   AUTHOR = {Tamchyna, Aleš and Sudarikov, Roman and Bojar, Ondřej and Fraser, Alexander},
   SORTNAME = {Tamchyna, Ales and Sudarikov, Roman and Bojar, Ondrej and Fraser, Alexander},
   TITLE = {CUNI-LMU Submissions in WMT2016: Chimera Constrained and Beaten}}
@INPROCEEDINGS{WMT16-137,
   AUTHOR = {Azpeitia, Andoni and Etchegoyhen, Thierry},
   SORTNAME = {Azpeitia, Andoni and Etchegoyhen, Thierry},
   TITLE = {DOCAL - Vicomtech's Participation in the WMT16 Shared Task on Bilingual Document Alignment}}
@INPROCEEDINGS{WMT16-066,
   AUTHOR = {Stymne, Sara},
   SORTNAME = {Stymne, Sara},
   TITLE = {Feature Exploration for Cross-Lingual Pronoun Prediction}}
@INPROCEEDINGS{WMT16-131,
   AUTHOR = {Guillou, Liane and Hardmeier, Christian and Nakov, Preslav and Stymne, Sara and Tiedemann, Jörg and Versley, Yannick and Cettolo, Mauro and Webber, Bonnie and Popescu-Belis, Andrei},
   SORTNAME = {Guillou, Liane and Hardmeier, Christian and Nakov, Preslav and Stymne, Sara and Tiedemann, Jorg and Versley, Yannick and Cettolo, Mauro and Webber, Bonnie and Popescu-Belis, Andrei},
   TITLE = {Findings of the 2016 WMT Shared Task on Cross-lingual Pronoun Prediction}}
@INPROCEEDINGS{WMT16-138,
   AUTHOR = {Wolk, Krzysztof and Marasek, Krzysztof},
   SORTNAME = {Wolk, Krzysztof and Marasek, Krzysztof},
   TITLE = {PJAIT Systems for the WMT 2016}}
@INPROCEEDINGS{WMT16-078,
   AUTHOR = {Cuong, Hoang and Frank, Stella and Sima'an, Khalil},
   SORTNAME = {Cuong, Hoang and Frank, Stella and Sima'an, Khalil},
   TITLE = {ILLC-UvA Adaptation System (Scorpio) at WMT'16 IT-DOMAIN Task}}
@INPROCEEDINGS{WMT16-041,
   AUTHOR = {Nadejde, Maria and Birch, Alexandra and Koehn, Philipp},
   SORTNAME = {Nadejde, Maria and Birch, Alexandra and Koehn, Philipp},
   TITLE = {Modeling Selectional Preferences of Verbs and Nouns in String-to-Tree Machine Translation}}
@INPROCEEDINGS{WMT16-003,
   AUTHOR = {Avramidis, Eleftherios},
   SORTNAME = {Avramidis, Eleftherios},
   TITLE = {DFKI's system for WMT16 IT-domain task, including analysis of systematic errors}}
@INPROCEEDINGS{WMT16-093,
   AUTHOR = {Papavassiliou, Vassilis and Prokopidis, Prokopis and Piperidis, Stelios},
   SORTNAME = {Papavassiliou, Vassilis and Prokopidis, Prokopis and Piperidis, Stelios},
   TITLE = {The ILSP/ARC submission to the WMT 2016 Bilingual Document Alignment Shared Task}}
@INPROCEEDINGS{WMT16-133,
   AUTHOR = {Buck, Christian and Koehn, Philipp},
   SORTNAME = {Buck, Christian and Koehn, Philipp},
   TITLE = {Findings of the WMT 2016 Bilingual Document Alignment Shared Task}}
@INPROCEEDINGS{WMT16-060,
   AUTHOR = {Esplà-Gomis, Miquel and Forcada, Mikel and Ortiz Rojas, Sergio and Ferrández-Tordera, Jorge},
   SORTNAME = {Espla-Gomis, Miquel and Forcada, Mikel and Ortiz Rojas, Sergio and Ferrandez-Tordera, Jorge},
   TITLE = {Bitextor's participation in WMT'16: shared task on document alignment}}
@INPROCEEDINGS{WMT16-064,
   AUTHOR = {Peter, Jan-Thorsten and Alkhouli, Tamer and Guta, Andreas and Ney, Hermann},
   SORTNAME = {Peter, Jan-Thorsten and Alkhouli, Tamer and Guta, Andreas and Ney, Hermann},
   TITLE = {The RWTH Aachen University English-Romanian Machine Translation System for WMT 2016}}
@INPROCEEDINGS{WMT16-084,
   AUTHOR = {Gaudio, Rosa and Labaka, Gorka and Agirre, Eneko and Osenova, Petya and Simov, Kiril and Popel, Martin and Oele, Dieke and van Noord, Gertjan and Gomes, Luís and António Rodrigues, João and Neale, Steven and Silva, João and Querido, Andreia and Rendeiro, Nuno and Branco, António},
   SORTNAME = {Gaudio, Rosa and Labaka, Gorka and Agirre, Eneko and Osenova, Petya and Simov, Kiril and Popel, Martin and Oele, Dieke and van Noord, Gertjan and Gomes, Luis and Antonio Rodrigues, Joao and Neale, Steven and Silva, Joao and Querido, Andreia and Rendeiro, Nuno and Branco, Antonio},
   TITLE = {SMT and Hybrid systems of the QTLeap project in the WMT16 IT-task}}
@INPROCEEDINGS{WMT16-098,
   AUTHOR = {Shah, Kashif and Bougares, Fethi and Barrault, Loïc and Specia, Lucia},
   SORTNAME = {Shah, Kashif and Bougares, Fethi and Barrault, Loic and Specia, Lucia},
   TITLE = {SHEF-LIUM-NN: Sentence level Quality Estimation with Neural Network Features}}
@INPROCEEDINGS{WMT16-036,
   AUTHOR = {Sennrich, Rico and Haddow, Barry},
   SORTNAME = {Sennrich, Rico and Haddow, Barry},
   TITLE = {Linguistic Input Features Improve Neural Machine Translation}}
@INPROCEEDINGS{WMT16-135,
   AUTHOR = {Bojar, Ondřej and Graham, Yvette and Kamran, Amir and Stanojević, Miloš},
   SORTNAME = {Bojar, Ondrej and Graham, Yvette and Kamran, Amir and Stanojevic, Milos},
   TITLE = {Results of the WMT16 Metrics Shared Task}}
@INPROCEEDINGS{WMT16-013,
   AUTHOR = {Luong, Ngoc Quang and Popescu-Belis, Andrei},
   SORTNAME = {Luong, Ngoc Quang and Popescu-Belis, Andrei},
   TITLE = {Improving Pronoun Translation by Modeling Coreference Uncertainty}}
@INPROCEEDINGS{WMT16-067,
   AUTHOR = {McCaffery, Martin and Nederhof, Mark-Jan},
   SORTNAME = {McCaffery, Martin and Nederhof, Mark-Jan},
   TITLE = {DTED: Evaluation of Machine Translation Structure Using Dependency Parsing and Tree Edit Distance}}
@INPROCEEDINGS{WMT16-105,
   AUTHOR = {Junczys-Dowmunt, Marcin and Grundkiewicz, Roman},
   SORTNAME = {Junczys-Dowmunt, Marcin and Grundkiewicz, Roman},
   TITLE = {Log-linear Combinations of Monolingual and Bilingual Neural Machine Translation Models for Automatic Post-Editing}}
@INPROCEEDINGS{WMT16-038,
   AUTHOR = {Bogoychev, Nikolay and Hoang, Hieu},
   SORTNAME = {Bogoychev, Nikolay and Hoang, Hieu},
   TITLE = {Fast and highly parallelizable phrase table for statistical machine translation}}
@INPROCEEDINGS{WMT16-118,
   AUTHOR = {Bektaş, Emre and Yilmaz, Ertugrul and Mermer, Coskun and Durgar El-Kahlout, İlknur},
   SORTNAME = {Bektas, Emre and Yilmaz, Ertugrul and Mermer, Coskun and Durgar El-Kahlout, Ilknur},
   TITLE = {TÜBİTAK SMT System Submission for WMT2016}}
@INPROCEEDINGS{WMT16-061,
   AUTHOR = {Esplà-Gomis, Miquel and Sánchez-Martínez, Felipe and Forcada, Mikel},
   SORTNAME = {Espla-Gomis, Miquel and Sanchez-Martinez, Felipe and Forcada, Mikel},
   TITLE = {UAlacant word-level and phrase-level machine translation quality estimation systems at WMT 2016}}
@INPROCEEDINGS{WMT16-069,
   AUTHOR = {Chatterjee, Rajen and C. de Souza, José G. and Negri, Matteo and Turchi, Marco},
   SORTNAME = {Chatterjee, Rajen and C. de Souza, Jose G. and Negri, Matteo and Turchi, Marco},
   TITLE = {The FBK Participation in the WMT 2016 Automatic Post-editing Shared Task}}
@INPROCEEDINGS{WMT16-108,
   AUTHOR = {Dvorkovich, Anton and Gubanov, Sergey and Galinskaya, Irina},
   SORTNAME = {Dvorkovich, Anton and Gubanov, Sergey and Galinskaya, Irina},
   TITLE = {Yandex School of Data Analysis approach to English-Turkish translation at WMT16 News Translation Task}}
@INPROCEEDINGS{WMT16-087,
   AUTHOR = {Rosa, Rudolf and Sudarikov, Roman and Novák, Michal and Popel, Martin and Bojar, Ondřej},
   SORTNAME = {Rosa, Rudolf and Sudarikov, Roman and Novak, Michal and Popel, Martin and Bojar, Ondrej},
   TITLE = {Dictionary-based Domain Adaptation of MT Systems without Retraining}}
@INPROCEEDINGS{WMT16-027,
   AUTHOR = {Niehues, Jan and Ha, Thanh-Le and Cho, Eunah and Waibel, Alex},
   SORTNAME = {Niehues, Jan and Ha, Thanh-Le and Cho, Eunah and Waibel, Alex},
   TITLE = {Using Factored Word Representation in Neural Network Language Models}}
@INPROCEEDINGS{WMT16-037,
   AUTHOR = {Weller-Di Marco, Marion and Fraser, Alexander and Schulte im Walde, Sabine},
   SORTNAME = {Weller-Di Marco, Marion and Fraser, Alexander and Schulte im Walde, Sabine},
   TITLE = {Modeling Complement Types in Phrase-Based SMT}}
@INPROCEEDINGS{WMT16-063,
   AUTHOR = {Gwinnup, Jeremy and Anderson, Tim and Erdmann, Grant and Young, Katherine and Kazi, Michaeel and Salesky, Elizabeth and Thompson, Brian},
   SORTNAME = {Gwinnup, Jeremy and Anderson, Tim and Erdmann, Grant and Young, Katherine and Kazi, Michaeel and Salesky, Elizabeth and Thompson, Brian},
   TITLE = {The AFRL-MITLL WMT16 News-Translation Task Systems}}
@INPROCEEDINGS{WMT16-126,
   AUTHOR = {Rodríguez Guasch, Sergio and Costa-jussà, Marta R.},
   SORTNAME = {Rodriguez Guasch, Sergio and Costa-jussa, Marta R.},
   TITLE = {WMT 2016 Multimodal Translation System Description based on Bidirectional Recurrent Neural Networks with Double-Embeddings}}
@INPROCEEDINGS{WMT16-081,
   AUTHOR = {Dabre, Raj and Puzikov, Yevgeniy and Cromieres, Fabien and Kurohashi, Sadao},
   SORTNAME = {Dabre, Raj and Puzikov, Yevgeniy and Cromieres, Fabien and Kurohashi, Sadao},
   TITLE = {The Kyoto University Cross-Lingual Pronoun Translation System}}
@INPROCEEDINGS{WMT16-011,
   AUTHOR = {Shen, Yu and Chu, Chenhui and Cromieres, Fabien and Kurohashi, Sadao},
   SORTNAME = {Shen, Yu and Chu, Chenhui and Cromieres, Fabien and Kurohashi, Sadao},
   TITLE = {Cross-language Projection of Dependency Trees with Constrained Partial Parsing for Tree-to-Tree Machine Translation}}
@INPROCEEDINGS{WMT16-048,
   AUTHOR = {Le, Thanh and Vu, Hoa Trong and Oberländer, Jonathan and Bojar, Ondřej},
   SORTNAME = {Le, Thanh and Vu, Hoa Trong and Oberlander, Jonathan and Bojar, Ondrej},
   TITLE = {Using Term Position Similarity and Language Modeling for Bilingual Document Alignment}}
@INPROCEEDINGS{WMT16-117,
   AUTHOR = {Blain, Frédéric and Song, Xingyi and Specia, Lucia},
   SORTNAME = {Blain, Frederic and Song, Xingyi and Specia, Lucia},
   TITLE = {Sheffield Systems for the English-Romanian WMT Translation Task}}
@INPROCEEDINGS{WMT16-112,
   AUTHOR = {Buck, Christian and Koehn, Philipp},
   SORTNAME = {Buck, Christian and Koehn, Philipp},
   TITLE = {Quick and Reliable Document Alignment via TF/IDF-weighted Cosine Distance}}
@INPROCEEDINGS{WMT16-140,
   AUTHOR = {Dara, Aswarth Abhilash and Lin, Yiu-Chang},
   SORTNAME = {Dara, Aswarth Abhilash and Lin, Yiu-Chang},
   TITLE = {YODA System for WMT16 Shared Task: Bilingual Document Alignment}}
@INPROCEEDINGS{WMT16-031,
   AUTHOR = {Mahata, Sainik and Das, Dipankar and Pal, Santanu},
   SORTNAME = {Mahata, Sainik and Das, Dipankar and Pal, Santanu},
   TITLE = {WMT2016: A Hybrid Approach to Bilingual Document Alignment}}
@INPROCEEDINGS{WMT16-101,
   AUTHOR = {Scarton, Carolina and Beck, Daniel and Shah, Kashif and Sim Smith, Karin and Specia, Lucia},
   SORTNAME = {Scarton, Carolina and Beck, Daniel and Shah, Kashif and Sim Smith, Karin and Specia, Lucia},
   TITLE = {Word embeddings and discourse information for Quality Estimation}}
@INPROCEEDINGS{WMT16-079,
   AUTHOR = {Zhang, Lilin and Weng, Zhen and Xiao, Wenyan and Wan, Jianyi and Chen, Zhiming and Tan, Yiming and Li, Maoxi and Wang, Mingwen},
   SORTNAME = {Zhang, Lilin and Weng, Zhen and Xiao, Wenyan and Wan, Jianyi and Chen, Zhiming and Tan, Yiming and Li, Maoxi and Wang, Mingwen},
   TITLE = {Extract Domain-specific Paraphrase from Monolingual Corpus for Automatic Evaluation of Machine Translation}}
@INPROCEEDINGS{WMT16-068,
   AUTHOR = {Hardmeier, Christian},
   SORTNAME = {Hardmeier, Christian},
   TITLE = {Pronoun Prediction with Latent Anaphora Resolution}}
@INPROCEEDINGS{WMT16-125,
   AUTHOR = {Tezcan, Arda and Hoste, Véronique and Macken, Lieve},
   SORTNAME = {Tezcan, Arda and Hoste, Veronique and Macken, Lieve},
   TITLE = {UGENT-LT3 SCATE Submission for WMT16 Shared Task on Quality Estimation}}
@INPROCEEDINGS{WMT16-114,
   AUTHOR = {Shah, Kashif and Wang, Josiah and Specia, Lucia},
   SORTNAME = {Shah, Kashif and Wang, Josiah and Specia, Lucia},
   TITLE = {SHEF-Multimodal: Grounding Machine Translation on Images}}
@INPROCEEDINGS{WMT16-100,
   AUTHOR = {Costa-jussà, Marta R. and España-Bonet, Cristina and Madhyastha, Pranava and Escolano, Carlos and Fonollosa, José A. R.},
   SORTNAME = {Costa-jussa, Marta R. and Espana-Bonet, Cristina and Madhyastha, Pranava and Escolano, Carlos and Fonollosa, Jose A. R.},
   TITLE = {The TALP---UPC Spanish---English WMT Biomedical Task: Bilingual Embeddings and Char-based Neural Language Model Rescoring in a Phrase-based System}}
@INPROCEEDINGS{WMT16-054,
   AUTHOR = {Wang, Weiyue and Peter, Jan-Thorsten and Rosendahl, Hendrik and Ney, Hermann},
   SORTNAME = {Wang, Weiyue and Peter, Jan-Thorsten and Rosendahl, Hendrik and Ney, Hermann},
   TITLE = {CharacTer: Translation Edit Rate on Character Level}}
@INPROCEEDINGS{WMT16-083,
   AUTHOR = {Wetzel, Dominikus},
   SORTNAME = {Wetzel, Dominikus},
   TITLE = {Cross-lingual Pronoun Prediction for English, French and German with Maximum Entropy Classification}}
@INPROCEEDINGS{WMT16-141,
   AUTHOR = {Bradbury, James and Socher, Richard},
   SORTNAME = {Bradbury, James and Socher, Richard},
   TITLE = {MetaMind Neural Machine Translation System for WMT 2016}}
@INPROCEEDINGS{WMT16-092,
   AUTHOR = {Tiedemann, Jörg and Cap, Fabienne and Kanerva, Jenna and Ginter, Filip and Stymne, Sara and Östling, Robert and Weller-Di Marco, Marion},
   SORTNAME = {Tiedemann, Jorg and Cap, Fabienne and Kanerva, Jenna and Ginter, Filip and Stymne, Sara and Ostling, Robert and Weller-Di Marco, Marion},
   TITLE = {Phrase-Based SMT for Finnish with More Data, Better Models and Alternative Alignment and Translation Tools}}
@INPROCEEDINGS{WMT16-056,
   AUTHOR = {Sennrich, Rico and Haddow, Barry and Birch, Alexandra},
   SORTNAME = {Sennrich, Rico and Haddow, Barry and Birch, Alexandra},
   TITLE = {Edinburgh Neural Machine Translation Systems for WMT 16}}
@INPROCEEDINGS{WMT16-062,
   AUTHOR = {Sánchez-Cartagena, Víctor M. and Toral, Antonio},
   SORTNAME = {Sanchez-Cartagena, Victor M. and Toral, Antonio},
   TITLE = {Abu-MaTran at WMT 2016 Translation Task: Deep Learning, Morphological Segmentation and Tuning on Character Sequences}}
@INPROCEEDINGS{WMT16-103,
   AUTHOR = {Pahari, Koushik and Kuila, Alapan and Pal, Santanu and Naskar, Sudip Kumar and Bandyopadhyay, Sivaji and van Genabith, Josef},
   SORTNAME = {Pahari, Koushik and Kuila, Alapan and Pal, Santanu and Naskar, Sudip Kumar and Bandyopadhyay, Sivaji and van Genabith, Josef},
   TITLE = {JU-USAAR: A Domain Adaptive MT System}}
@INPROCEEDINGS{WMT16-065,
   AUTHOR = {Mareček, David},
   SORTNAME = {Marecek, David},
   TITLE = {Merged bilingual trees based on Universal Dependencies in Machine Translation}}
@INPROCEEDINGS{WMT16-071,
   AUTHOR = {Luong, Ngoc Quang and Popescu-Belis, Andrei},
   SORTNAME = {Luong, Ngoc Quang and Popescu-Belis, Andrei},
   TITLE = {Pronoun Language Model and Grammatical Heuristics for Aiding Pronoun Prediction}}
@INPROCEEDINGS{WMT16-042,
   AUTHOR = {Medveď, Marek and Jakubícek, Miloš and Kovár, Vojtech},
   SORTNAME = {Medved, Marek and Jakubicek, Milos and Kovar, Vojtech},
   TITLE = {English-French Document Alignment Based on Keywords and Statistical Translation}}
@INPROCEEDINGS{WMT16-124,
   AUTHOR = {Bicici, Ergun},
   SORTNAME = {Bicici, Ergun},
   TITLE = {Referential Translation Machines for Predicting Translation Performance}}
@INPROCEEDINGS{WMT16-109,
   AUTHOR = {Junczys-Dowmunt, Marcin and Dwojak, Tomasz and Sennrich, Rico},
   SORTNAME = {Junczys-Dowmunt, Marcin and Dwojak, Tomasz and Sennrich, Rico},
   TITLE = {The AMU-UEDIN Submission to the WMT16 News Translation Task: Attention-based NMT Models as Feature Functions in Phrase-based SMT}}
@INPROCEEDINGS{WMT16-077,
   AUTHOR = {Sagemo, Oscar and Stymne, Sara},
   SORTNAME = {Sagemo, Oscar and Stymne, Sara},
   TITLE = {The UU Submission to the Machine Translation Quality Estimation Task}}
@INPROCEEDINGS{WMT16-086,
   AUTHOR = {Logacheva, Varvara and Blain, Frédéric and Specia, Lucia},
   SORTNAME = {Logacheva, Varvara and Blain, Frederic and Specia, Lucia},
   TITLE = {USFD's Phrase-level Quality Estimation Systems}}
@INPROCEEDINGS{WMT16-070,
   AUTHOR = {Loáiciga, Sharid and Guillou, Liane and Hardmeier, Christian},
   SORTNAME = {Loaiciga, Sharid and Guillou, Liane and Hardmeier, Christian},
   TITLE = {It-disambiguation and source-aware language models for cross-lingual pronoun prediction}}
@INPROCEEDINGS{WMT16-047,
   AUTHOR = {Kim, Yunsu and Guta, Andreas and Wuebker, Joern and Ney, Hermann},
   SORTNAME = {Kim, Yunsu and Guta, Andreas and Wuebker, Joern and Ney, Hermann},
   TITLE = {A Comparative Study on Vocabulary Reduction for Phrase Table Smoothing}}
@INPROCEEDINGS{WMT16-088,
   AUTHOR = {Stahlberg, Felix and Hasler, Eva and Byrne, Bill},
   SORTNAME = {Stahlberg, Felix and Hasler, Eva and Byrne, Bill},
   TITLE = {The Edit Distance Transducer in Action: The University of Cambridge English-German System at WMT16}}
@INPROCEEDINGS{WMT16-074,
   AUTHOR = {Kocur, Viktor and Bojar, Ondřej},
   SORTNAME = {Kocur, Viktor and Bojar, Ondrej},
   TITLE = {Particle Swarm Optimization Submission for WMT16 Tuning Task}}
@INPROCEEDINGS{WMT16-107,
   AUTHOR = {Fomicheva, Marina and Bel, Núria and Specia, Lucia and da Cunha, Iria and Malinovskiy, Anton},
   SORTNAME = {Fomicheva, Marina and Bel, Nuria and Specia, Lucia and da Cunha, Iria and Malinovskiy, Anton},
   TITLE = {CobaltF: A Fluent Metric for MT Evaluation}}
@INPROCEEDINGS{WMT16-072,
   AUTHOR = {Pal, Santanu and Zampieri, Marcos and van Genabith, Josef},
   SORTNAME = {Pal, Santanu and Zampieri, Marcos and van Genabith, Josef},
   TITLE = {USAAR: An Operation Sequential Model for Automatic Statistical Post-Editing}}
@INPROCEEDINGS{WMT16-113,
   AUTHOR = {Shchukin, Vadim and Khristich, Dmitry and Galinskaya, Irina},
   SORTNAME = {Shchukin, Vadim and Khristich, Dmitry and Galinskaya, Irina},
   TITLE = {Word Clustering Approach to Bilingual Document Alignment (WMT 2016 Shared Task)}}
@INPROCEEDINGS{WMT16-136,
   AUTHOR = {Jawaid, Bushra and Kamran, Amir and Stanojević, Miloš and Bojar, Ondřej},
   SORTNAME = {Jawaid, Bushra and Kamran, Amir and Stanojevic, Milos and Bojar, Ondrej},
   TITLE = {Results of the WMT16 Tuning Shared Task}}
@INPROCEEDINGS{WMT16-075,
   AUTHOR = {Aires, José and Lopes, Gabriel and Gomes, Luís},
   SORTNAME = {Aires, Jose and Lopes, Gabriel and Gomes, Luis},
   TITLE = {English-Portuguese Biomedical Translation Task Using a Genuine Phrase-Based Statistical Machine Translation Approach}}
@INPROCEEDINGS{WMT16-095,
   AUTHOR = {Paetzold, Gustavo and Specia, Lucia},
   SORTNAME = {Paetzold, Gustavo and Specia, Lucia},
   TITLE = {SimpleNets: Quality Estimation with Resource-Light Neural Networks}}
@INPROCEEDINGS{WMT16-139,
   AUTHOR = {Molchanov, Alexander and Bykov, Fedor},
   SORTNAME = {Molchanov, Alexander and Bykov, Fedor},
   TITLE = {PROMT Translation Systems for WMT 2016 Translation Tasks}}
@INPROCEEDINGS{WMT16-043,
   AUTHOR = {Alkhouli, Tamer and Bretschner, Gabriel and Peter, Jan-Thorsten and Hethnawi, Mohammed and Guta, Andreas and Ney, Hermann},
   SORTNAME = {Alkhouli, Tamer and Bretschner, Gabriel and Peter, Jan-Thorsten and Hethnawi, Mohammed and Guta, Andreas and Ney, Hermann},
   TITLE = {Alignment-Based Neural Machine Translation}}
@INPROCEEDINGS{WMT16-073,
   AUTHOR = {Kim, Hyun and Lee, Jong-Hyeok},
   SORTNAME = {Kim, Hyun and Lee, Jong-Hyeok},
   TITLE = {Recurrent Neural Network based Translation Quality Estimation}}
@INPROCEEDINGS{WMT16-130,
   AUTHOR = {Chung, Junyoung and Cho, Kyunghyun and Bengio, Yoshua},
   SORTNAME = {Chung, Junyoung and Cho, Kyunghyun and Bengio, Yoshua},
   TITLE = {NYU-MILA Neural Machine Translation Systems for WMT'16}}
@INPROCEEDINGS{WMT16-004,
   AUTHOR = {Popović, Maja},
   SORTNAME = {Popovic, Maja},
   TITLE = {chrF deconstructed: beta parameters and n-gram weights}}
@INPROCEEDINGS{WMT16-046,
   AUTHOR = {Daiber, Joachim and Stanojević, Miloš and Aziz, Wilker and Sima'an, Khalil},
   SORTNAME = {Daiber, Joachim and Stanojevic, Milos and Aziz, Wilker and Sima'an, Khalil},
   TITLE = {Examining the Relationship between Preordering and Word Order Freedom in Machine Translation}}
@INPROCEEDINGS{WMT16-089,
   AUTHOR = {Luotolahti, Juhani and Kanerva, Jenna and Ginter, Filip},
   SORTNAME = {Luotolahti, Juhani and Kanerva, Jenna and Ginter, Filip},
   TITLE = {Cross-Lingual Pronoun Prediction with Deep Recurrent Neural Networks}}
@INPROCEEDINGS{WMT16-025,
   AUTHOR = {Legrand, Joël and Auli, Michael and Collobert, Ronan},
   SORTNAME = {Legrand, Joel and Auli, Michael and Collobert, Ronan},
   TITLE = {Neural Network-based Word Alignment through Score Aggregation}}
@INPROCEEDINGS{WMT16-111,
   AUTHOR = {Bawden, Rachel},
   SORTNAME = {Bawden, Rachel},
   TITLE = {Cross-lingual Pronoun Prediction with Linguistically Informed Features}}
@INPROCEEDINGS{WMT16-091,
   AUTHOR = {Gomes, Luís and Pereira Lopes, Gabriel},
   SORTNAME = {Gomes, Luis and Pereira Lopes, Gabriel},
   TITLE = {First Steps Towards Coverage-Based Document Alignment}}
@INPROCEEDINGS{WMT16-127,
   AUTHOR = {Ding, Shuoyang and Duh, Kevin and Khayrallah, Huda and Koehn, Philipp and Post, Matt},
   SORTNAME = {Ding, Shuoyang and Duh, Kevin and Khayrallah, Huda and Koehn, Philipp and Post, Matt},
   TITLE = {The JHU Machine Translation Systems for WMT 2016}}
@INPROCEEDINGS{WMT16-116,
   AUTHOR = {Germann, Ulrich},
   SORTNAME = {Germann, Ulrich},
   TITLE = {Bilingual Document Alignment with Latent Semantic Indexing}}
@INPROCEEDINGS{WMT16-096,
   AUTHOR = {Kozlova, Anna and Shmatova, Mariya and Frolov, Anton},
   SORTNAME = {Kozlova, Anna and Shmatova, Mariya and Frolov, Anton},
   TITLE = {YSDA Participation in the WMT'16 Quality Estimation Shared Task}}
@INPROCEEDINGS{WMT16-082,
   AUTHOR = {Grönroos, Stig-Arne and Virpioja, Sami and Kurimo, Mikko},
   SORTNAME = {Gronroos, Stig-Arne and Virpioja, Sami and Kurimo, Mikko},
   TITLE = {Hybrid Morphological Segmentation for Phrase-Based Machine Translation}}
@INPROCEEDINGS{WMT16-120,
   AUTHOR = {Williams, Philip and Sennrich, Rico and Nadejde, Maria and Huck, Matthias and Haddow, Barry and Bojar, Ondřej},
   SORTNAME = {Williams, Philip and Sennrich, Rico and Nadejde, Maria and Huck, Matthias and Haddow, Barry and Bojar, Ondrej},
   TITLE = {Edinburgh's Statistical Machine Translation Systems for WMT16}}
@INPROCEEDINGS{WMT16-123,
   AUTHOR = {Bicici, Ergun},
   SORTNAME = {Bicici, Ergun},
   TITLE = {ParFDA for Instance Selection for Statistical Machine Translation}}
@INPROCEEDINGS{WMT16-129,
   AUTHOR = {Calixto, Iacer and Elliott, Desmond and Frank, Stella},
   SORTNAME = {Calixto, Iacer and Elliott, Desmond and Frank, Stella},
   TITLE = {DCU-UvA Multimodal MT System Report}}
@INPROCEEDINGS{WMT16-115,
   AUTHOR = {Huang, Po-Yao and Liu, Frederick and Shiang, Sz-Rung and Oh, Jean and Dyer, Chris},
   SORTNAME = {Huang, Po-Yao and Liu, Frederick and Shiang, Sz-Rung and Oh, Jean and Dyer, Chris},
   TITLE = {Attention-based Multimodal Neural Machine Translation}}
@INPROCEEDINGS{WMT16-099,
   AUTHOR = {Caglayan, Ozan and Aransa, Walid and Wang, Yaxing and Masana, Marc and García-Martínez, Mercedes and Bougares, Fethi and Barrault, Loïc and van de Weijer, Joost},
   SORTNAME = {Caglayan, Ozan and Aransa, Walid and Wang, Yaxing and Masana, Marc and Garcia-Martinez, Mercedes and Bougares, Fethi and Barrault, Loic and van de Weijer, Joost},
   TITLE = {Does Multimodality Help Human and Machine for Translation and Image Captioning?}}
@INPROCEEDINGS{WMT16-106,
   AUTHOR = {Abdelsalam, Amal and Bojar, Ondřej and El-Beltagy, Samhaa},
   SORTNAME = {Abdelsalam, Amal and Bojar, Ondrej and El-Beltagy, Samhaa},
   TITLE = {Bilingual Embeddings and Word Alignments for Translation Quality Estimation}}
@INPROCEEDINGS{WMT16-132,
   AUTHOR = {Specia, Lucia and Frank, Stella and Sima'an, Khalil and Elliott, Desmond},
   SORTNAME = {Specia, Lucia and Frank, Stella and Sima'an, Khalil and Elliott, Desmond},
   TITLE = {A Shared Task on Multimodal Machine Translation and Crosslingual Image Description}}
@INPROCEEDINGS{WMT16-018,
   AUTHOR = {Ramm, Anita and Fraser, Alexander},
   SORTNAME = {Ramm, Anita and Fraser, Alexander},
   TITLE = {Modeling verbal inflection for English to German SMT}}
@INPROCEEDINGS{WMT16-110,
   AUTHOR = {Allauzen, Alexandre and Aufrant, Lauriane and Burlot, Franck and Lacroix, Ophélie and Knyazeva, Elena and Lavergne, Thomas and Wisniewski, Guillaume and Yvon, François},
   SORTNAME = {Allauzen, Alexandre and Aufrant, Lauriane and Burlot, Franck and Lacroix, Ophelie and Knyazeva, Elena and Lavergne, Thomas and Wisniewski, Guillaume and Yvon, Francois},
   TITLE = {LIMSI\@WMT'16: Machine Translation of News}}
@INPROCEEDINGS{WMT16-008,
   AUTHOR = {Jakubina, Laurent and Langlais, Phillippe},
   SORTNAME = {Jakubina, Laurent and Langlais, Phillippe},
   TITLE = {BAD LUC\@WMT 2016: a Bilingual Document Alignment Platform Based on Lucene}}
@INPROCEEDINGS{WMT16-055,
   AUTHOR = {Perez-de-Viñaspre, Olatz and Labaka, Gorka},
   SORTNAME = {Perez-de-Vinaspre, Olatz and Labaka, Gorka},
   TITLE = {IXA Biomedical Translation System at WMT16 Biomedical Translation Task}}
@INPROCEEDINGS{WMT16-128,
   AUTHOR = {Lo, Chi-kiu and Cherry, Colin and Foster, George and Stewart, Darlene and Islam, Rabib and Kazantseva, Anna and Kuhn, Roland},
   SORTNAME = {Lo, Chi-kiu and Cherry, Colin and Foster, George and Stewart, Darlene and Islam, Rabib and Kazantseva, Anna and Kuhn, Roland},
   TITLE = {NRC Russian-English Machine Translation System for WMT 2016}}
@INPROCEEDINGS{WMT16-085,
   AUTHOR = {Martins, André F. T. and Astudillo, Ramón and Hokamp, Chris and Kepler, Fabio},
   SORTNAME = {Martins, Andre F. T. and Astudillo, Ramon and Hokamp, Chris and Kepler, Fabio},
   TITLE = {Unbabel's Participation in the WMT16 Word-Level Translation Quality Estimation Shared Task}}
@INPROCEEDINGS{WMT16-121,
   AUTHOR = {Libovický, Jindřich and Helcl, Jindřich and Tlustý, Marek and Bojar, Ondřej and Pecina, Pavel},
   SORTNAME = {Libovicky, Jindrich and Helcl, Jindrich and Tlusty, Marek and Bojar, Ondrej and Pecina, Pavel},
   TITLE = {CUNI System for WMT16 Automatic Post-Editing and Multimodal Translation Tasks}}
