@INPROCEEDINGS{CogACLL-006,
   AUTHOR = {Nilsson Björkenstam, Kristina and Wirén, Mats an\"{o}stling, Robert},
   SORTNAME = {Nilsson Bjorkenstam, Kristina and Wiren, Mats and Ostling, Robert},
   TITLE = {Modelling the informativeness and timing of non-verbal cues in parent-child interaction}}
@INPROCEEDINGS{CogACLL-003,
   AUTHOR = {Ma, Jianqiang and Çöltekin, Çağrı and Hinrichs, Erhard},
   SORTNAME = {Ma, Jianqiang and Coltekin, Cagrı and Hinrichs, Erhard},
   TITLE = {Learning Phone Embeddings for Word Segmentation of Child-Directed Speech}}
@INPROCEEDINGS{CogACLL-013,
   AUTHOR = {Spokoyny, Daniel and Irvin, Jeremy and Moscoso del Prado Martin, Fermin},
   SORTNAME = {Spokoyny, Daniel and Irvin, Jeremy and Moscoso del Prado Martin, Fermin},
   TITLE = {Explicit Causal Connections between the Acquisition of Linguistic Tiers: Evidence from Dynamical Systems Modeling}}
@INPROCEEDINGS{CogACLL-010,
   AUTHOR = {Garrido Alhama, Raquel and Zuidema, Willem},
   SORTNAME = {Garrido Alhama, Raquel and Zuidema, Willem},
   TITLE = {Generalization in Artificial Language Learning: Modelling the Propensity to Generalize}}
@INPROCEEDINGS{CogACLL-011,
   AUTHOR = {Hernandez-Dominguez, Laura and Ratté, Sylvie and Davis, Boyd and Pope, Charlene},
   SORTNAME = {Hernandez-Dominguez, Laura and Ratte, Sylvie and Davis, Boyd and Pope, Charlene},
   TITLE = {Conversing with the elderly in Latin America: a new cohort for multimodal, multilingual longitudinal studies on aging}}
@INPROCEEDINGS{CogACLL-007,
   AUTHOR = {Hernandez-Dominguez, Laura and Garcia-Cano, Edgar and Ratté, Sylvie and Sierra Martínez, Gerardo},
   SORTNAME = {Hernandez-Dominguez, Laura and Garcia-Cano, Edgar and Ratte, Sylvie and Sierra Martinez, Gerardo},
   TITLE = {Detection of Alzheimer's disease based on automatic analysis of common objects descriptions}}
@INPROCEEDINGS{CogACLL-002,
   AUTHOR = {Regneri, Michaela and King, Diane},
   SORTNAME = {Regneri, Michaela and King, Diane},
   TITLE = {Automated Discourse Analysis of Narrations by Adolescents with Autistic Spectrum Disorder}}
@INPROCEEDINGS{CogACLL-004,
   AUTHOR = {Wirén, Mats and Nilsson Björkenstam, Kristina and Grigonyté, Gintaré and Cortes, Elisabet Eir},
   SORTNAME = {Wiren, Mats and Nilsson Bjorkenstam, Kristina and Grigonyte, Gintare and Cortes, Elisabet Eir},
   TITLE = {Longitudinal Studies of Variation Sets in Child-directed Speech}}
@INPROCEEDINGS{CogACLL-019,
   AUTHOR = {Cheri, Joe and Mishra, Abhijit and Bhattacharyya, Pushpak},
   SORTNAME = {Cheri, Joe and Mishra, Abhijit and Bhattacharyya, Pushpak},
   TITLE = {Leveraging Annotators' Gaze Behaviour for Coreference Resolution}}
@INPROCEEDINGS{CogACLL-016,
   AUTHOR = {Nouri, Javad and Yangarber, Roman},
   SORTNAME = {Nouri, Javad and Yangarber, Roman},
   TITLE = {From alignment of etymological data to phylogenetic inference via population genetics}}
@INPROCEEDINGS{CogACLL-018,
   AUTHOR = {Christodoulopoulos, Christos and Roth, Dan and Fisher, Cynthia},
   SORTNAME = {Christodoulopoulos, Christos and Roth, Dan and Fisher, Cynthia},
   TITLE = {An incremental model of syntactic bootstrapping}}
