@INPROCEEDINGS{tacl-916,
   AUTHOR = {Hashimoto, Tatsunori and Alvarez-Melis, David and Jaakkola, Tommi},
   SORTNAME = {Hashimoto, Tatsunori and Alvarez-Melis, David and Jaakkola, Tommi},
   TITLE = {[TACL] Word Embeddings as Metric Recovery in Semantic Spaces}}
@INPROCEEDINGS{tacl-900,
   AUTHOR = {Lazic, Nevena and Subramanya, Amarnag and Ringgaard, Michael and Pereira, Fernando},
   SORTNAME = {Lazic, Nevena and Subramanya, Amarnag and Ringgaard, Michael and Pereira, Fernando},
   TITLE = {[TACL] Plato: A Selective Context Model for Entity Resolution}}
@INPROCEEDINGS{tacl-905,
   AUTHOR = {Faruqui, Manaal and McDonald, Ryan and Soricut, Radu},
   SORTNAME = {Faruqui, Manaal and McDonald, Ryan and Soricut, Radu},
   TITLE = {[TACL] Morpho-syntactic Lexicon Generation Using Graph-based Semi-supervised Learning}}
@INPROCEEDINGS{tacl-911,
   AUTHOR = {Marcheggiani, Diego and Titov, Ivan},
   SORTNAME = {Marcheggiani, Diego and Titov, Ivan},
   TITLE = {[TACL] Discrete-State Variational Autoencoders for Joint Discovery and Factorization of Relations}}
@INPROCEEDINGS{tacl-901,
   AUTHOR = {Delli Bovi, Claudio and Telesca, Luca and Navigli, Roberto},
   SORTNAME = {Delli Bovi, Claudio and Telesca, Luca and Navigli, Roberto},
   TITLE = {[TACL] Large-Scale Information Extraction from Textual Definitions through Deep Syntactic and Semantic Analysis}}
@INPROCEEDINGS{tacl-912,
   AUTHOR = {Cuong, Hoang and Sima'an, Khalil and Titov, Ivan},
   SORTNAME = {Cuong, Hoang and Sima'an, Khalil and Titov, Ivan},
   TITLE = {[TACL] Adapting to All Domains at Once: Rewarding Domain Invariance in SMT}}
@INPROCEEDINGS{tacl-909,
   AUTHOR = {Arora, Sanjeev and Li, Yuanzhi and Liang, Yingyu and Ma, Tengyu and Risteski, Andrej},
   SORTNAME = {Arora, Sanjeev and Li, Yuanzhi and Liang, Yingyu and Ma, Tengyu and Risteski, Andrej},
   TITLE = {[TACL] A latent variable model approach to PMI-based word embeddings}}
@INPROCEEDINGS{tacl-917,
   AUTHOR = {Yin, Wenpeng and Schütze, Hinrich and Xiang, Bing and Zhou, Bowen},
   SORTNAME = {Yin, Wenpeng and Schutze, Hinrich and Xiang, Bing and Zhou, Bowen},
   TITLE = {[TACL] ABCNN: Attention-Based Convolutional Neural Network for Modeling Sentence Pairs}}
@INPROCEEDINGS{tacl-921,
   AUTHOR = {Kiperwasser, Eliyahu and Goldberg, Yoav},
   SORTNAME = {Kiperwasser, Eliyahu and Goldberg, Yoav},
   TITLE = {[TACL] Simple and Accurate Dependency Parsing Using Bidirectional LSTM Feature Representations}}
@INPROCEEDINGS{tacl-899,
   AUTHOR = {Zhai, Ke and Boyd-Graber, Jordan and Cohen, Shay B.},
   SORTNAME = {Zhai, Ke and Boyd-Graber, Jordan and Cohen, Shay B.},
   TITLE = {[TACL] Online Adaptor Grammars with Hybrid inference}}
@INPROCEEDINGS{tacl-920,
   AUTHOR = {Gulordava, Kristina and Merlo, Paola},
   SORTNAME = {Gulordava, Kristina and Merlo, Paola},
   TITLE = {[TACL] Multi-lingual dependency parsing evaluation: a large-scale analysis of word order properties using artificial data}}
@INPROCEEDINGS{tacl-904,
   AUTHOR = {Hartmann, Silvana and Eckle-Kohler, Judith and Gurevych, Iryna},
   SORTNAME = {Hartmann, Silvana and Eckle-Kohler, Judith and Gurevych, Iryna},
   TITLE = {[TACL] Generating Training Data for Semantic Role Labeling based on Label Transfer from Linked Lexical Resources}}
@INPROCEEDINGS{tacl-918,
   AUTHOR = {Stratos, Karl and Collins, Michael and Hsu, Daniel},
   SORTNAME = {Stratos, Karl and Collins, Michael and Hsu, Daniel},
   TITLE = {[TACL] Unsupervised Part-Of-Speech Tagging with Anchor Hidden Markov Models}}
@INPROCEEDINGS{tacl-902,
   AUTHOR = {Nguyen, Dat Ba and Theobald, Martin and Weikum, Gerhard},
   SORTNAME = {Nguyen, Dat Ba and Theobald, Martin and Weikum, Gerhard},
   TITLE = {[TACL] J-NERD: Joint Named Entity Recognition and Disambiguation with Rich Linguistic Features}}
@INPROCEEDINGS{tacl-922,
   AUTHOR = {Ammar, Waleed and Mulcaire, George and Ballesteros, Miguel and Dyer, Chris and Smith, Noah A.},
   SORTNAME = {Ammar, Waleed and Mulcaire, George and Ballesteros, Miguel and Dyer, Chris and Smith, Noah A.},
   TITLE = {[TACL] Many Languages, One Parser}}
@INPROCEEDINGS{tacl-903,
   AUTHOR = {Kuhlmann, Marco and Jonsson, Peter},
   SORTNAME = {Kuhlmann, Marco and Jonsson, Peter},
   TITLE = {[TACL] Parsing to Noncrossing Dependency Graphs}}
@INPROCEEDINGS{tacl-923,
   AUTHOR = {Lee, Chia-Ying and O'donnell, Timothy and Glass, James},
   SORTNAME = {Lee, Chia-Ying and O'donnell, Timothy and Glass, James},
   TITLE = {[TACL] Unsupervised Lexicon Discovery from Acoustic Input}}
@INPROCEEDINGS{tacl-907,
   AUTHOR = {Richardson, Kyle and Kuhn, Jonas},
   SORTNAME = {Richardson, Kyle and Kuhn, Jonas},
   TITLE = {[TACL] Learning to Make Inferences in a Semantic Parsing Task}}
@INPROCEEDINGS{tacl-915,
   AUTHOR = {Sakaguchi, Keisuke and Napoles, Courtney and Post, Matt and Tetreault, Joel},
   SORTNAME = {Sakaguchi, Keisuke and Napoles, Courtney and Post, Matt and Tetreault, Joel},
   TITLE = {[TACL] Reassessing the Goals of Grammatical Error Correction: Fluency Instead of Grammaticality}}
@INPROCEEDINGS{tacl-914,
   AUTHOR = {Frermann, Lea and Lapata, Mirella},
   SORTNAME = {Frermann, Lea and Lapata, Mirella},
   TITLE = {[TACL] A Bayesian Model of Diachronic Meaning Change}}
@INPROCEEDINGS{tacl-913,
   AUTHOR = {Chiu, Jason P.C. and Nichols, Eric},
   SORTNAME = {Chiu, Jason P.C. and Nichols, Eric},
   TITLE = {[TACL] Named Entity Recognition with Bidirectional LSTM-CNNs}}
@INPROCEEDINGS{tacl-910,
   AUTHOR = {Gutierrez, E. Dario and Shutova, Ekaterina and Lichtenstein, Patricia and de Melo, Gerard and Gilardi, Luca},
   SORTNAME = {Gutierrez, E. Dario and Shutova, Ekaterina and Lichtenstein, Patricia and de Melo, Gerard and Gilardi, Luca},
   TITLE = {[TACL] Detecting Cross-cultural Differences Using a Multilingual Topic Model}}
@INPROCEEDINGS{tacl-908,
   AUTHOR = {Xu, Wei and Napoles, Courtney and Pavlick, Ellie and Chen, Quanze and Callison-Burch, Chris},
   SORTNAME = {Xu, Wei and Napoles, Courtney and Pavlick, Ellie and Chen, Quanze and Callison-Burch, Chris},
   TITLE = {[TACL] Optimizing Statistical Machine Translation for Text Simplification}}
@INPROCEEDINGS{tacl-919,
   AUTHOR = {Agić, Željko and Johannsen, Anders and Plank, Barbara and Martínez Alonso, Héctor and Schluter, Natalie and Søgaard, Anders},
   SORTNAME = {Agic, Zeljko and Johannsen, Anders and Plank, Barbara and Martinez Alonso, Hector and Schluter, Natalie and Søgaard, Anders},
   TITLE = {[TACL] Multilingual Projection for Parsing Truly Low-Resource Languages}}
@INPROCEEDINGS{tacl-906,
   AUTHOR = {Pavlick, Ellie and Tetreault, Joel},
   SORTNAME = {Pavlick, Ellie and Tetreault, Joel},
   TITLE = {[TACL] An Empirical Analysis of Formality in Online Communication}}
