@INPROCEEDINGS{StatFSM-005,
   AUTHOR = {Allauzen, Cyril and Riley, Michael and Roark, Brian},
   SORTNAME = {Allauzen, Cyril and Riley, Michael and Roark, Brian},
   TITLE = {Distributed representation and estimation of WFST-based n-gram models}}
@INPROCEEDINGS{StatFSM-003,
   AUTHOR = {Silfverberg, Miikka and Kauppinen, Pekka and Lind√©n, Krister},
   SORTNAME = {Silfverberg, Miikka and Kauppinen, Pekka and Linden, Krister},
   TITLE = {Data-Driven Spelling Correction using Weighted Finite-State Methods}}
@INPROCEEDINGS{StatFSM-013,
   AUTHOR = {Forsberg, Markus and Hulden, Mans},
   SORTNAME = {Forsberg, Markus and Hulden, Mans},
   TITLE = {Learning Transducer Models for Morphological Analysis from Example Inflections}}
@INPROCEEDINGS{StatFSM-010,
   AUTHOR = {Nederhof, Mark-Jan},
   SORTNAME = {Nederhof, Mark-Jan},
   TITLE = {Transition-based dependency parsing as latent-variable constituent parsing}}
@INPROCEEDINGS{StatFSM-011,
   AUTHOR = {Asaadi, Shima and Rudolph, Sebastian},
   SORTNAME = {Asaadi, Shima and Rudolph, Sebastian},
   TITLE = {On the Correspondence between Compositional Matrix-Space Models of Language and Weighted Automata}}
@INPROCEEDINGS{StatFSM-002,
   AUTHOR = {Drewes, Frank and Gebhardt, Kilian and Vogler, Heiko},
   SORTNAME = {Drewes, Frank and Gebhardt, Kilian and Vogler, Heiko},
   TITLE = {EM-Training for Weighted Aligned Hypergraph Bimorphisms}}
@INPROCEEDINGS{StatFSM-012,
   AUTHOR = {Gorman, Kyle},
   SORTNAME = {Gorman, Kyle},
   TITLE = {Pynini: A Python library for weighted finite-state grammar compilation}}
@INPROCEEDINGS{StatFSM-004,
   AUTHOR = {Dietze, Toni},
   SORTNAME = {Dietze, Toni},
   TITLE = {Equivalences between Ranked and Unranked Weighted Tree Automata via Binarization}}
@INPROCEEDINGS{StatFSM-008,
   AUTHOR = {Teichmann, Christoph and Wansing, Kasimir and Koller, Alexander},
   SORTNAME = {Teichmann, Christoph and Wansing, Kasimir and Koller, Alexander},
   TITLE = {Adaptive Importance Sampling from Finite State Automata}}
