@INPROCEEDINGS{papers-587,
   AUTHOR = {Andor, Daniel and Alberti, Chris and Weiss, David and Severyn, Aliaksei and Presta, Alessandro and Ganchev, Kuzman and Petrov, Slav and Collins, Michael},
   SORTNAME = {Andor, Daniel and Alberti, Chris and Weiss, David and Severyn, Aliaksei and Presta, Alessandro and Ganchev, Kuzman and Petrov, Slav and Collins, Michael},
   TITLE = {Globally Normalized Transition-Based Neural Networks}}
@INPROCEEDINGS{papers-590,
   AUTHOR = {Paperno, Denis and Kruszewski, Germán and Lazaridou, Angeliki and Pham, Ngoc Quan and Bernardi, Raffaella and Pezzelle, Sandro and Baroni, Marco and Boleda, Gemma and Fernandez, Raquel},
   SORTNAME = {Paperno, Denis and Kruszewski, German and Lazaridou, Angeliki and Pham, Ngoc Quan and Bernardi, Raffaella and Pezzelle, Sandro and Baroni, Marco and Boleda, Gemma and Fernandez, Raquel},
   TITLE = {The LAMBADA dataset: Word prediction requiring a broad discourse context}}
@INPROCEEDINGS{papers-793,
   AUTHOR = {Mostafazadeh, Nasrin and Misra, Ishan and Devlin, Jacob and Mitchell, Margaret and He, Xiaodong and Vanderwende, Lucy},
   SORTNAME = {Mostafazadeh, Nasrin and Misra, Ishan and Devlin, Jacob and Mitchell, Margaret and He, Xiaodong and Vanderwende, Lucy},
   TITLE = {Generating Natural Questions About an Image}}
@INPROCEEDINGS{papers-618,
   AUTHOR = {Iacobacci, Ignacio and Pilehvar, Mohammad Taher and Navigli, Roberto},
   SORTNAME = {Iacobacci, Ignacio and Pilehvar, Mohammad Taher and Navigli, Roberto},
   TITLE = {Embeddings for Word Sense Disambiguation: An Evaluation Study}}
@INPROCEEDINGS{papers-798,
   AUTHOR = {Narayan, Shashi and Cohen, Shay B.},
   SORTNAME = {Narayan, Shashi and Cohen, Shay B.},
   TITLE = {Optimizing Spectral Learning for Parsing}}
@INPROCEEDINGS{papers-405,
   AUTHOR = {Zhou, Xinjie and Wan, Xiaojun and Xiao, Jianguo},
   SORTNAME = {Zhou, Xinjie and Wan, Xiaojun and Xiao, Jianguo},
   TITLE = {Cross-Lingual Sentiment Classification with Bilingual Document Representation Learning}}
@INPROCEEDINGS{papers-842,
   AUTHOR = {Persing, Isaac and Ng, Vincent},
   SORTNAME = {Persing, Isaac and Ng, Vincent},
   TITLE = {Modeling Stance in Student Essays}}
@INPROCEEDINGS{papers-152,
   AUTHOR = {Flekova, Lucie and Carpenter, Jordan and Giorgi, Salvatore and Ungar, Lyle and Preoţiuc-Pietro, Daniel},
   SORTNAME = {Flekova, Lucie and Carpenter, Jordan and Giorgi, Salvatore and Ungar, Lyle and Preotiuc-Pietro, Daniel},
   TITLE = {Analyzing Biases in Human Perception of User Age and Gender from Text}}
@INPROCEEDINGS{papers-447,
   AUTHOR = {Dai, Zihang and Li, Lei and Xu, Wei},
   SORTNAME = {Dai, Zihang and Li, Lei and Xu, Wei},
   TITLE = {CFO: Conditional Focused Neural Question Answering with Large-scale Knowledge Bases}}
@INPROCEEDINGS{papers-197,
   AUTHOR = {Hashimoto, Kazuma and Tsuruoka, Yoshimasa},
   SORTNAME = {Hashimoto, Kazuma and Tsuruoka, Yoshimasa},
   TITLE = {Adaptive Joint Learning of Compositional and Non-Compositional Phrase Embeddings}}
@INPROCEEDINGS{papers-640,
   AUTHOR = {Yancheva, Maria and Rudzicz, Frank},
   SORTNAME = {Yancheva, Maria and Rudzicz, Frank},
   TITLE = {Vector-space topic models for detecting Alzheimer's disease}}
@INPROCEEDINGS{papers-624,
   AUTHOR = {Pasupat, Panupong and Liang, Percy},
   SORTNAME = {Pasupat, Panupong and Liang, Percy},
   TITLE = {Inferring Logical Forms From Denotations}}
@INPROCEEDINGS{papers-543,
   AUTHOR = {Wuebker, Joern and Green, Spence and DeNero, John and Hasan, Sasa and Luong, Minh-Thang},
   SORTNAME = {Wuebker, Joern and Green, Spence and DeNero, John and Hasan, Sasa and Luong, Minh-Thang},
   TITLE = {Models and Inference for Prefix-Constrained Machine Translation}}
@INPROCEEDINGS{papers-337,
   AUTHOR = {Li, Shaohua and Chua, Tat-Seng and Zhu, Jun and Miao, Chunyan},
   SORTNAME = {Li, Shaohua and Chua, Tat-Seng and Zhu, Jun and Miao, Chunyan},
   TITLE = {Generative Topic Embedding: a Continuous Representation of Documents}}
@INPROCEEDINGS{papers-514,
   AUTHOR = {Pfeil, Jonathan and Ray, Soumya},
   SORTNAME = {Pfeil, Jonathan and Ray, Soumya},
   TITLE = {Scaling a Natural Language Generation System}}
@INPROCEEDINGS{papers-773,
   AUTHOR = {sahu, sunil and Anand, Ashish},
   SORTNAME = {sahu, sunil and Anand, Ashish},
   TITLE = {Recurrent neural network models for disease name recognition using domain invariant features}}
@INPROCEEDINGS{papers-185,
   AUTHOR = {Castro Ferreira, Thiago and Krahmer, Emiel and Wubben, Sander},
   SORTNAME = {Castro Ferreira, Thiago and Krahmer, Emiel and Wubben, Sander},
   TITLE = {Towards more variation in text generation: Developing and evaluating variation models for choice of referential form}}
@INPROCEEDINGS{papers-102,
   AUTHOR = {Tamura, Akihiro and Sumita, Eiichiro},
   SORTNAME = {Tamura, Akihiro and Sumita, Eiichiro},
   TITLE = {Bilingual Segmented Topic Model}}
@INPROCEEDINGS{papers-094,
   AUTHOR = {Shwartz, Vered and Goldberg, Yoav and Dagan, Ido},
   SORTNAME = {Shwartz, Vered and Goldberg, Yoav and Dagan, Ido},
   TITLE = {Improving Hypernymy Detection with an Integrated Path-based and Distributional Method}}
@INPROCEEDINGS{papers-206,
   AUTHOR = {Yin, Wenpeng and Schütze, Hinrich},
   SORTNAME = {Yin, Wenpeng and Schutze, Hinrich},
   TITLE = {Learning Word Meta-Embeddings}}
@INPROCEEDINGS{papers-122,
   AUTHOR = {Gutierrez, E.Dario and Shutova, Ekaterina and Marghetis, Tyler and Bergen, Benjamin},
   SORTNAME = {Gutierrez, E.Dario and Shutova, Ekaterina and Marghetis, Tyler and Bergen, Benjamin},
   TITLE = {Literal and Metaphorical Senses in Compositional Distributional Semantic Models}}
@INPROCEEDINGS{papers-615,
   AUTHOR = {Beltagy, I. and Quirk, Chris},
   SORTNAME = {Beltagy, I. and Quirk, Chris},
   TITLE = {Improved Semantic Parsers For If-Then Statements}}
@INPROCEEDINGS{papers-836,
   AUTHOR = {Shibata, Tomohide and Kawahara, Daisuke and Kurohashi, Sadao},
   SORTNAME = {Shibata, Tomohide and Kawahara, Daisuke and Kurohashi, Sadao},
   TITLE = {Neural Network-Based Model for Japanese Predicate Argument Structure Analysis}}
@INPROCEEDINGS{papers-826,
   AUTHOR = {Toutanova, Kristina and Lin, Victoria and Yih, Wen-tau and Poon, Hoifung and Quirk, Chris},
   SORTNAME = {Toutanova, Kristina and Lin, Victoria and Yih, Wen-tau and Poon, Hoifung and Quirk, Chris},
   TITLE = {Compositional Learning of Embeddings for Relation Paths in Knowledge Base and Text}}
@INPROCEEDINGS{papers-812,
   AUTHOR = {Vala, Hardik and Piper, Andrew and Ruths, Derek},
   SORTNAME = {Vala, Hardik and Piper, Andrew and Ruths, Derek},
   TITLE = {The More Antecedents, the Merrier: Resolving Multi-Antecedent Anaphors}}
@INPROCEEDINGS{papers-312,
   AUTHOR = {Chen, Bo and Sun, Le and Han, Xianpei and An, Bo},
   SORTNAME = {Chen, Bo and Sun, Le and Han, Xianpei and An, Bo},
   TITLE = {Sentence Rewriting for Semantic Parsing}}
@INPROCEEDINGS{papers-202,
   AUTHOR = {Reimers, Nils and Dehghani, Nazanin and Gurevych, Iryna},
   SORTNAME = {Reimers, Nils and Dehghani, Nazanin and Gurevych, Iryna},
   TITLE = {Temporal Anchoring of Events for the TimeBank Corpus}}
@INPROCEEDINGS{papers-322,
   AUTHOR = {Zarrieß, Sina and Schlangen, David},
   SORTNAME = {Zarrieß, Sina and Schlangen, David},
   TITLE = {Easy Things First: Installments Improve Referring Expression Generation for Objects in Photographs}}
@INPROCEEDINGS{papers-428,
   AUTHOR = {Henderson, James and Popa, Diana},
   SORTNAME = {Henderson, James and Popa, Diana},
   TITLE = {A Vector Space for Distributional Semantics for Entailment}}
@INPROCEEDINGS{papers-655,
   AUTHOR = {Vylomova, Ekaterina and Rimell, Laura and Cohn, Trevor and Baldwin, Timothy},
   SORTNAME = {Vylomova, Ekaterina and Rimell, Laura and Cohn, Trevor and Baldwin, Timothy},
   TITLE = {Take and Took, Gaggle and Goose, Book and Read: Evaluating the Utility of Vector Differences for Lexical Relation Learning}}
@INPROCEEDINGS{papers-431,
   AUTHOR = {Constant, Matthieu and Nivre, Joakim},
   SORTNAME = {Constant, Matthieu and Nivre, Joakim},
   TITLE = {A Transition-Based System for Joint Lexical and Syntactic Analysis}}
@INPROCEEDINGS{papers-610,
   AUTHOR = {Nguyen, Huy and Litman, Diane},
   SORTNAME = {Nguyen, Huy and Litman, Diane},
   TITLE = {Context-aware Argumentative Relation Mining}}
@INPROCEEDINGS{papers-688,
   AUTHOR = {He, Zhiyang and Liu, Xien and Lv, Ping and Wu, Ji},
   SORTNAME = {He, Zhiyang and Liu, Xien and Lv, Ping and Wu, Ji},
   TITLE = {Hidden Softmax Sequence Model for Dialogue Structure Analysis}}
@INPROCEEDINGS{papers-041,
   AUTHOR = {Zhang, Hao and Hu, Zhiting and Deng, Yuntian and Sachan, Mrinmaya and Yan, Zhicheng and Xing, Eric},
   SORTNAME = {Zhang, Hao and Hu, Zhiting and Deng, Yuntian and Sachan, Mrinmaya and Yan, Zhicheng and Xing, Eric},
   TITLE = {Learning Concept Taxonomies from Multi-modal Data}}
@INPROCEEDINGS{papers-093,
   AUTHOR = {Yaghoobzadeh, Yadollah and Schütze, Hinrich},
   SORTNAME = {Yaghoobzadeh, Yadollah and Schutze, Hinrich},
   TITLE = {Intrinsic Subspace Evaluation of Word Embedding Representations}}
@INPROCEEDINGS{papers-133,
   AUTHOR = {Lin, Yankai and Shen, Shiqi and Liu, Zhiyuan and Luan, Huanbo and Sun, Maosong},
   SORTNAME = {Lin, Yankai and Shen, Shiqi and Liu, Zhiyuan and Luan, Huanbo and Sun, Maosong},
   TITLE = {Neural Relation Extraction with Selective Attention over Instances}}
@INPROCEEDINGS{papers-483,
   AUTHOR = {Chen, Jifan and Zhang, Qi and Liu, Pengfei and Qiu, Xipeng and Huang, Xuanjing},
   SORTNAME = {Chen, Jifan and Zhang, Qi and Liu, Pengfei and Qiu, Xipeng and Huang, Xuanjing},
   TITLE = {Implicit Discourse Relation Detection via a Deep Architecture with Gated Relevance Network}}
@INPROCEEDINGS{papers-635,
   AUTHOR = {Prabhakaran, Vinodkumar and Hamilton, William L. and McFarland, Dan and Jurafsky, Dan},
   SORTNAME = {Prabhakaran, Vinodkumar and Hamilton, William L. and McFarland, Dan and Jurafsky, Dan},
   TITLE = {Predicting the Rise and Fall of Scientific Topics from Trends in their Rhetorical Framing}}
@INPROCEEDINGS{papers-796,
   AUTHOR = {Bosselut, Antoine and Chen, Jianfu and Warren, David and Hajishirzi, Hannaneh and Choi, Yejin},
   SORTNAME = {Bosselut, Antoine and Chen, Jianfu and Warren, David and Hajishirzi, Hannaneh and Choi, Yejin},
   TITLE = {Learning Prototypical Event Structure from Photo Albums}}
@INPROCEEDINGS{papers-504,
   AUTHOR = {Salton, Giancarlo and Ross, Robert and Kelleher, John},
   SORTNAME = {Salton, Giancarlo and Ross, Robert and Kelleher, John},
   TITLE = {Idiom Token Classification using Sentential Distributed Semantics}}
@INPROCEEDINGS{papers-752,
   AUTHOR = {Gu, Jiatao and Lu, Zhengdong and Li, Hang and Li, Victor O.K.},
   SORTNAME = {Gu, Jiatao and Lu, Zhengdong and Li, Hang and Li, Victor O.K.},
   TITLE = {Incorporating Copying Mechanism in Sequence-to-Sequence Learning}}
@INPROCEEDINGS{papers-658,
   AUTHOR = {Liu, Pengfei and Qiu, Xipeng and Chen, Jifan and Huang, Xuanjing},
   SORTNAME = {Liu, Pengfei and Qiu, Xipeng and Chen, Jifan and Huang, Xuanjing},
   TITLE = {Deep Fusion LSTMs for Text Semantic Matching}}
@INPROCEEDINGS{papers-304,
   AUTHOR = {Tu, Zhaopeng and Lu, Zhengdong and Liu, Yang and Liu, Xiaohua and Li, Hang},
   SORTNAME = {Tu, Zhaopeng and Lu, Zhengdong and Liu, Yang and Liu, Xiaohua and Li, Hang},
   TITLE = {Modeling Coverage for Neural Machine Translation}}
@INPROCEEDINGS{papers-425,
   AUTHOR = {Bennett, Andrew and Baldwin, Timothy and Lau, Jey Han and McCarthy, Diana and Bond, Francis},
   SORTNAME = {Bennett, Andrew and Baldwin, Timothy and Lau, Jey Han and McCarthy, Diana and Bond, Francis},
   TITLE = {LexSemTm: A Semantic Dataset Based on All-words Unsupervised Sense Distribution Learning}}
@INPROCEEDINGS{papers-401,
   AUTHOR = {Moosavi, Nafise Sadat and Strube, Michael},
   SORTNAME = {Moosavi, Nafise Sadat and Strube, Michael},
   TITLE = {Which Coreference Evaluation Metric Do You Trust? A Proposal for a Link-based Entity Aware Metric}}
@INPROCEEDINGS{papers-183,
   AUTHOR = {Sano, Shumpei and Kaji, Nobuhiro and Sassano, Manabu},
   SORTNAME = {Sano, Shumpei and Kaji, Nobuhiro and Sassano, Manabu},
   TITLE = {Prediction of Prospective User Engagement with Intelligent Assistants}}
@INPROCEEDINGS{papers-683,
   AUTHOR = {Diaz, Fernando and Mitra, Bhaskar and Craswell, Nick},
   SORTNAME = {Diaz, Fernando and Mitra, Bhaskar and Craswell, Nick},
   TITLE = {Query Expansion with Locally-Trained Word Embeddings}}
@INPROCEEDINGS{papers-506,
   AUTHOR = {Tamchyna, Aleš and Fraser, Alexander and Bojar, Ondřej and Junczys-Dowmunt, Marcin},
   SORTNAME = {Tamchyna, Ales and Fraser, Alexander and Bojar, Ondrej and Junczys-Dowmunt, Marcin},
   TITLE = {Target-Side Context for Discriminative Models in Statistical Machine Translation}}
@INPROCEEDINGS{papers-637,
   AUTHOR = {Li, Jiwei and Galley, Michel and Brockett, Chris and Spithourakis, Georgios and Gao, Jianfeng and Dolan, Bill},
   SORTNAME = {Li, Jiwei and Galley, Michel and Brockett, Chris and Spithourakis, Georgios and Gao, Jianfeng and Dolan, Bill},
   TITLE = {A Persona-Based Neural Conversation Model}}
@INPROCEEDINGS{papers-346,
   AUTHOR = {Kim, Seokhwan and Banchs, Rafael and Li, Haizhou},
   SORTNAME = {Kim, Seokhwan and Banchs, Rafael and Li, Haizhou},
   TITLE = {Exploring Convolutional and Recurrent Neural Networks in Sequential Labelling for Dialogue Topic Tracking}}
@INPROCEEDINGS{papers-554,
   AUTHOR = {Al-Twairesh, Nora and Al-Khalifa, Hend and AlSalman, Abdulmalik},
   SORTNAME = {Al-Twairesh, Nora and Al-Khalifa, Hend and AlSalman, Abdulmalik},
   TITLE = {AraSenTi: Large-Scale Twitter-Specific Arabic Sentiment Lexicons}}
@INPROCEEDINGS{papers-258,
   AUTHOR = {Moscoso del Prado Martin, Fermin and Brendel, Christian},
   SORTNAME = {Moscoso del Prado Martin, Fermin and Brendel, Christian},
   TITLE = {Case and Cause in Icelandic: Reconstructing Causal Networks of Cascaded Language Changes}}
@INPROCEEDINGS{papers-784,
   AUTHOR = {Tian, Ran and Okazaki, Naoaki and Inui, Kentaro},
   SORTNAME = {Tian, Ran and Okazaki, Naoaki and Inui, Kentaro},
   TITLE = {Learning Semantically and Additively Compositional Distributional Representations}}
@INPROCEEDINGS{papers-300,
   AUTHOR = {Huang, Danqing and Shi, Shuming and Lin, Chin-Yew and Yin, Jian and Ma, Wei-Ying},
   SORTNAME = {Huang, Danqing and Shi, Shuming and Lin, Chin-Yew and Yin, Jian and Ma, Wei-Ying},
   TITLE = {How well do Computers Solve Math Word Problems? Large-Scale Dataset Construction and Evaluation}}
@INPROCEEDINGS{papers-036,
   AUTHOR = {Nederhof, Mark-Jan},
   SORTNAME = {Nederhof, Mark-Jan},
   TITLE = {A short proof that O\_2 is an MCFL}}
@INPROCEEDINGS{papers-433,
   AUTHOR = {Zhou, Hao and Zhang, Yue and Huang, Shujian and Zhou, Junsheng and DAI, XIN-YU and Chen, Jiajun},
   SORTNAME = {Zhou, Hao and Zhang, Yue and Huang, Shujian and Zhou, Junsheng and DAI, XIN-YU and Chen, Jiajun},
   TITLE = {A Search-Based Dynamic Reranking Model for Dependency Parsing}}
@INPROCEEDINGS{papers-332,
   AUTHOR = {Vulić, Ivan and Korhonen, Anna},
   SORTNAME = {Vulic, Ivan and Korhonen, Anna},
   TITLE = {On the Role of Seed Lexicons in Learning Bilingual Word Embeddings}}
@INPROCEEDINGS{papers-353,
   AUTHOR = {Cotterell, Ryan and Schütze, Hinrich and Eisner, Jason},
   SORTNAME = {Cotterell, Ryan and Schutze, Hinrich and Eisner, Jason},
   TITLE = {Morphological Smoothing and Extrapolation of Word Embeddings}}
@INPROCEEDINGS{papers-730,
   AUTHOR = {Hu, Zhiting and Ma, Xuezhe and Liu, Zhengzhong and Hovy, Eduard and Xing, Eric},
   SORTNAME = {Hu, Zhiting and Ma, Xuezhe and Liu, Zhengzhong and Hovy, Eduard and Xing, Eric},
   TITLE = {Harnessing Deep Neural Networks with Logic Rules}}
@INPROCEEDINGS{papers-596,
   AUTHOR = {Gao, Qiaozi and Doering, Malcolm and Yang, Shaohua and Chai, Joyce},
   SORTNAME = {Gao, Qiaozi and Doering, Malcolm and Yang, Shaohua and Chai, Joyce},
   TITLE = {Physical Causality of Action Verbs in Grounded Language Understanding}}
@INPROCEEDINGS{papers-831,
   AUTHOR = {Li, Xiang and Taheri, Aynaz and Tu, Lifu and Gimpel, Kevin},
   SORTNAME = {Li, Xiang and Taheri, Aynaz and Tu, Lifu and Gimpel, Kevin},
   TITLE = {Commonsense Knowledge Base Completion}}
@INPROCEEDINGS{papers-603,
   AUTHOR = {Cordeiro, Silvio and Ramisch, Carlos and Idiart, Marco and Villavicencio, Aline},
   SORTNAME = {Cordeiro, Silvio and Ramisch, Carlos and Idiart, Marco and Villavicencio, Aline},
   TITLE = {Predicting the Compositionality of Nominal Compounds: Giving Word Embeddings a Hard Time}}
@INPROCEEDINGS{papers-804,
   AUTHOR = {Chen, Yunchuan and Mou, Lili and Xu, Yan and Li, Ge and Jin, Zhi},
   SORTNAME = {Chen, Yunchuan and Mou, Lili and Xu, Yan and Li, Ge and Jin, Zhi},
   TITLE = {Compressing Neural Language Models by Sparse Word Representations}}
@INPROCEEDINGS{papers-586,
   AUTHOR = {Jia, Robin and Liang, Percy},
   SORTNAME = {Jia, Robin and Liang, Percy},
   TITLE = {Data Recombination for Neural Semantic Parsing}}
@INPROCEEDINGS{papers-619,
   AUTHOR = {Sasano, Ryohei and Okumura, Manabu},
   SORTNAME = {Sasano, Ryohei and Okumura, Manabu},
   TITLE = {A Corpus-Based Analysis of Canonical Word Order of Japanese Double Object Constructions}}
@INPROCEEDINGS{papers-563,
   AUTHOR = {Hewlett, Daniel and Lacoste, Alexandre and Jones, Llion and Polosukhin, Illia and Fandrianto, Andrew and Han, Jay and Kelcey, Matthew and Berthelot, David},
   SORTNAME = {Hewlett, Daniel and Lacoste, Alexandre and Jones, Llion and Polosukhin, Illia and Fandrianto, Andrew and Han, Jay and Kelcey, Matthew and Berthelot, David},
   TITLE = {WikiReading: A Novel Large-scale Language Understanding Task over Wikipedia}}
@INPROCEEDINGS{papers-052,
   AUTHOR = {Zhang, Zhisong and Zhao, Hai and Qin, Lianhui},
   SORTNAME = {Zhang, Zhisong and Zhao, Hai and Qin, Lianhui},
   TITLE = {Probabilistic Graph-based Dependency Parsing with Convolutional Neural Network}}
@INPROCEEDINGS{papers-320,
   AUTHOR = {Cai, Deng and Zhao, Hai},
   SORTNAME = {Cai, Deng and Zhao, Hai},
   TITLE = {Neural Word Segmentation Learning for Chinese}}
@INPROCEEDINGS{papers-631,
   AUTHOR = {Yang, Weiwei and Boyd-Graber, Jordan and Resnik, Philip},
   SORTNAME = {Yang, Weiwei and Boyd-Graber, Jordan and Resnik, Philip},
   TITLE = {A Discriminative Topic Model using Document Network Structure}}
@INPROCEEDINGS{papers-719,
   AUTHOR = {Choi, Eunsol and Rashkin, Hannah and Zettlemoyer, Luke and Choi, Yejin},
   SORTNAME = {Choi, Eunsol and Rashkin, Hannah and Zettlemoyer, Luke and Choi, Yejin},
   TITLE = {Document-level Sentiment Inference with Social, Faction, and Discourse Context}}
@INPROCEEDINGS{papers-411,
   AUTHOR = {Yan, Rui and Li, Cheng-Te and Hu, Xiaohua and Zhang, Ming},
   SORTNAME = {Yan, Rui and Li, Cheng-Te and Hu, Xiaohua and Zhang, Ming},
   TITLE = {Chinese Couplet Generation with Neural Network Structures}}
@INPROCEEDINGS{papers-105,
   AUTHOR = {Wan, Xiaojun and Wang, Tianming},
   SORTNAME = {Wan, Xiaojun and Wang, Tianming},
   TITLE = {Automatic Labeling of Topic Models Using Text Summaries}}
@INPROCEEDINGS{papers-252,
   AUTHOR = {Habernal, Ivan and Gurevych, Iryna},
   SORTNAME = {Habernal, Ivan and Gurevych, Iryna},
   TITLE = {Which argument is more convincing? Analyzing and predicting convincingness of Web arguments using bidirectional LSTM}}
@INPROCEEDINGS{papers-740,
   AUTHOR = {Volkova, Svitlana and Bachrach, Yoram},
   SORTNAME = {Volkova, Svitlana and Bachrach, Yoram},
   TITLE = {Inferring Perceived Demographics from User Emotional Tone and User-Environment Emotional Contrast}}
@INPROCEEDINGS{papers-355,
   AUTHOR = {wang, yashen and Huang, Heyan and Feng, Chong and Zhou, Qiang and Gu, Jiahui and Gao, Xiong},
   SORTNAME = {wang, yashen and Huang, Heyan and Feng, Chong and Zhou, Qiang and Gu, Jiahui and Gao, Xiong},
   TITLE = {CSE: Conceptual Sentence Embeddings based on Attention Model}}
@INPROCEEDINGS{papers-609,
   AUTHOR = {Nicolai, Garrett and Kondrak, Grzegorz},
   SORTNAME = {Nicolai, Garrett and Kondrak, Grzegorz},
   TITLE = {Leveraging Inflection Tables for Stemming and Lemmatization.}}
@INPROCEEDINGS{papers-828,
   AUTHOR = {Jang, Hyeju and Jo, Yohan and Shen, Qinlan and Miller, Michael and Moon, Seungwhan and Rose, Carolyn},
   SORTNAME = {Jang, Hyeju and Jo, Yohan and Shen, Qinlan and Miller, Michael and Moon, Seungwhan and Rose, Carolyn},
   TITLE = {Metaphor Detection with Topic Transition, Emotion and Cognition in Context}}
@INPROCEEDINGS{papers-240,
   AUTHOR = {Rabinovich, Ella and Nisioi, Sergiu and Ordan, Noam and Wintner, Shuly},
   SORTNAME = {Rabinovich, Ella and Nisioi, Sergiu and Ordan, Noam and Wintner, Shuly},
   TITLE = {On the Similarities Between Native, Non-native and Translated Texts}}
@INPROCEEDINGS{papers-470,
   AUTHOR = {He, Ji and Chen, Jianshu and He, Xiaodong and Gao, Jianfeng and Li, Lihong and Deng, Li and Ostendorf, Mari},
   SORTNAME = {He, Ji and Chen, Jianshu and He, Xiaodong and Gao, Jianfeng and Li, Lihong and Deng, Li and Ostendorf, Mari},
   TITLE = {Deep Reinforcement Learning with a Natural Language Action Space}}
@INPROCEEDINGS{papers-847,
   AUTHOR = {Luong, Minh-Thang and Manning, Christopher D.},
   SORTNAME = {Luong, Minh-Thang and Manning, Christopher D.},
   TITLE = {Achieving Open Vocabulary Neural Machine Translation with Hybrid Word-Character Models}}
@INPROCEEDINGS{papers-069,
   AUTHOR = {Wang, Linlin and Cao, Zhu and de Melo, Gerard and Liu, Zhiyuan},
   SORTNAME = {Wang, Linlin and Cao, Zhu and de Melo, Gerard and Liu, Zhiyuan},
   TITLE = {Relation Classification via Multi-Level Attention CNNs}}
@INPROCEEDINGS{papers-253,
   AUTHOR = {Ling, Wang and Blunsom, Phil and Grefenstette, Edward and Hermann, Karl Moritz and Kočiský, Tomáš and Wang, Fumin and Senior, Andrew},
   SORTNAME = {Ling, Wang and Blunsom, Phil and Grefenstette, Edward and Hermann, Karl Moritz and Kocisky, Tomas and Wang, Fumin and Senior, Andrew},
   TITLE = {Latent Predictor Networks for Code Generation}}
@INPROCEEDINGS{papers-805,
   AUTHOR = {Alikaniotis, Dimitrios and Yannakoudakis, Helen and Rei, Marek},
   SORTNAME = {Alikaniotis, Dimitrios and Yannakoudakis, Helen and Rei, Marek},
   TITLE = {Automatic Text Scoring Using Neural Networks}}
@INPROCEEDINGS{papers-443,
   AUTHOR = {Goodman, James and Vlachos, Andreas and Naradowsky, Jason},
   SORTNAME = {Goodman, James and Vlachos, Andreas and Naradowsky, Jason},
   TITLE = {Noise reduction and targeted exploration in imitation learning for Abstract Meaning Representation parsing}}
@INPROCEEDINGS{papers-486,
   AUTHOR = {Eriguchi, Akiko and Hashimoto, Kazuma and Tsuruoka, Yoshimasa},
   SORTNAME = {Eriguchi, Akiko and Hashimoto, Kazuma and Tsuruoka, Yoshimasa},
   TITLE = {Tree-to-Sequence Attentional Neural Machine Translation}}
@INPROCEEDINGS{papers-318,
   AUTHOR = {Coavoux, Maximin and Crabbé, Benoit},
   SORTNAME = {Coavoux, Maximin and Crabbe, Benoit},
   TITLE = {Neural Greedy Constituent Parsing with Dynamic Oracles}}
@INPROCEEDINGS{papers-184,
   AUTHOR = {barrena, ander and Soroa, Aitor and Agirre, Eneko},
   SORTNAME = {barrena, ander and Soroa, Aitor and Agirre, Eneko},
   TITLE = {Alleviating Poor Context with Background Knowledge for Named Entity Disambiguation}}
@INPROCEEDINGS{papers-382,
   AUTHOR = {Friedrich, Annemarie and Palmer, Alexis and Pinkal, Manfred},
   SORTNAME = {Friedrich, Annemarie and Palmer, Alexis and Pinkal, Manfred},
   TITLE = {Situation entity types: automatic classification of clause-level aspect}}
@INPROCEEDINGS{papers-652,
   AUTHOR = {Kochmar, Ekaterina and Shutova, Ekaterina},
   SORTNAME = {Kochmar, Ekaterina and Shutova, Ekaterina},
   TITLE = {Cross-Lingual Lexico-Semantic Transfer in Language Learning}}
@INPROCEEDINGS{papers-593,
   AUTHOR = {Li, Jing and Liao, Ming and Gao, Wei and He, Yulan and Wong, Kam-Fai},
   SORTNAME = {Li, Jing and Liao, Ming and Gao, Wei and He, Yulan and Wong, Kam-Fai},
   TITLE = {Topic Extraction from Microblog Posts Using Conversation Structures}}
@INPROCEEDINGS{papers-126,
   AUTHOR = {Miwa, Makoto and Bansal, Mohit},
   SORTNAME = {Miwa, Makoto and Bansal, Mohit},
   TITLE = {End-to-End Relation Extraction using LSTMs on Sequences and Tree Structures}}
@INPROCEEDINGS{papers-600,
   AUTHOR = {Buys, Jan and Botha, Jan A.},
   SORTNAME = {Buys, Jan and Botha, Jan A.},
   TITLE = {Cross-Lingual Morphological Tagging for Low-Resource Languages}}
@INPROCEEDINGS{papers-468,
   AUTHOR = {Corro, Caio and Le Roux, Joseph and Lacroix, Mathieu and Rozenknop, Antoine and Wolfler Calvo, Roberto},
   SORTNAME = {Corro, Caio and Le Roux, Joseph and Lacroix, Mathieu and Rozenknop, Antoine and Wolfler Calvo, Roberto},
   TITLE = {Dependency Parsing with Bounded Block Degree and Well-nestedness via Lagrangian Relaxation and Branch-and-Bound}}
@INPROCEEDINGS{papers-311,
   AUTHOR = {Zhang, Jingyi and Utiyama, Masao and Sumita, Eiichro and Neubig, Graham and Nakamura, Satoshi},
   SORTNAME = {Zhang, Jingyi and Utiyama, Masao and Sumita, Eiichro and Neubig, Graham and Nakamura, Satoshi},
   TITLE = {A Continuous Space Rule Selection Model for Syntax-based Statistical Machine Translation}}
@INPROCEEDINGS{papers-639,
   AUTHOR = {Hidey, Christopher and McKeown, Kathy},
   SORTNAME = {Hidey, Christopher and McKeown, Kathy},
   TITLE = {Identifying Causal Relations Using Parallel Wikipedia Articles}}
@INPROCEEDINGS{papers-651,
   AUTHOR = {Zhang, Meishan and Zhang, Yue and Fu, Guohong},
   SORTNAME = {Zhang, Meishan and Zhang, Yue and Fu, Guohong},
   TITLE = {Transition-Based Neural Word Segmentation}}
@INPROCEEDINGS{papers-434,
   AUTHOR = {Trischler, Adam and Ye, Zheng and Yuan, Xingdi and He, Jing and Bachman, Philip},
   SORTNAME = {Trischler, Adam and Ye, Zheng and Yuan, Xingdi and He, Jing and Bachman, Philip},
   TITLE = {A Parallel-Hierarchical Model for Machine Comprehension on Sparse Data}}
@INPROCEEDINGS{papers-263,
   AUTHOR = {Wang, Quan and Liu, Jing and Luo, Yuanfei and Wang, Bin and Lin, Chin-Yew},
   SORTNAME = {Wang, Quan and Liu, Jing and Luo, Yuanfei and Wang, Bin and Lin, Chin-Yew},
   TITLE = {Knowledge Base Completion via Coupled Path Ranking}}
@INPROCEEDINGS{papers-508,
   AUTHOR = {Peyrard, Maxime and Eckle-Kohler, Judith},
   SORTNAME = {Peyrard, Maxime and Eckle-Kohler, Judith},
   TITLE = {Optimizing an Approximation of ROUGE - a Problem-Reduction Approach to Extractive Multi-Document Summarization}}
@INPROCEEDINGS{papers-772,
   AUTHOR = {Iyer, Srinivasan and Konstas, Ioannis and Cheung, Alvin and Zettlemoyer, Luke},
   SORTNAME = {Iyer, Srinivasan and Konstas, Ioannis and Cheung, Alvin and Zettlemoyer, Luke},
   TITLE = {Summarizing Source Code using a Neural Attention Model}}
@INPROCEEDINGS{papers-686,
   AUTHOR = {Rozovskaya, Alla and Roth, Dan},
   SORTNAME = {Rozovskaya, Alla and Roth, Dan},
   TITLE = {Grammatical Error Correction: Machine Translation and Classifiers}}
@INPROCEEDINGS{papers-604,
   AUTHOR = {Finegan-Dollak, Catherine and Coke, Reed and Zhang, Rui and Ye, Xiangyi and Radev, Dragomir},
   SORTNAME = {Finegan-Dollak, Catherine and Coke, Reed and Zhang, Rui and Ye, Xiangyi and Radev, Dragomir},
   TITLE = {Effects of Creativity and Cluster Tightness on Short Text Clustering Performance}}
@INPROCEEDINGS{papers-922,
   AUTHOR = {Ammar, Waleed and Mulcaire, George and Ballesteros, Miguel and Dyer, Chris and Smith, Noah A.},
   SORTNAME = {Ammar, Waleed and Mulcaire, George and Ballesteros, Miguel and Dyer, Chris and Smith, Noah A.},
   TITLE = {Many Languages, One Parser}}
@INPROCEEDINGS{papers-580,
   AUTHOR = {Joty, Shafiq and Hoque, Enamul},
   SORTNAME = {Joty, Shafiq and Hoque, Enamul},
   TITLE = {Speech Act Modeling of Written Asynchronous Conversations with Task-Specific Embeddings and Conditional Structured Models}}
@INPROCEEDINGS{papers-832,
   AUTHOR = {Renduchintala, Adithya and Knowles, Rebecca and Koehn, Philipp and Eisner, Jason},
   SORTNAME = {Renduchintala, Adithya and Knowles, Rebecca and Koehn, Philipp and Eisner, Jason},
   TITLE = {User Modeling in Language Learning with Macaronic Texts}}
@INPROCEEDINGS{papers-357,
   AUTHOR = {Li, Liangyou and Way, Andy and Liu, Qun},
   SORTNAME = {Li, Liangyou and Way, Andy and Liu, Qun},
   TITLE = {Graph-Based Translation Via Graph Segmentation}}
@INPROCEEDINGS{papers-747,
   AUTHOR = {Vempala, Alakananda and Blanco, Eduardo},
   SORTNAME = {Vempala, Alakananda and Blanco, Eduardo},
   TITLE = {Beyond Plain Spatial Knowledge: Determining Where Entities Are and Are Not Located, and For How Long}}
@INPROCEEDINGS{papers-478,
   AUTHOR = {Groschwitz, Jonas and Koller, Alexander and Johnson, Mark},
   SORTNAME = {Groschwitz, Jonas and Koller, Alexander and Johnson, Mark},
   TITLE = {Efficient techniques for parsing with tree automata}}
@INPROCEEDINGS{papers-196,
   AUTHOR = {Qian, Peng and Qiu, Xipeng and Huang, Xuanjing},
   SORTNAME = {Qian, Peng and Qiu, Xipeng and Huang, Xuanjing},
   TITLE = {A New Psychometric-inspired Evaluation Metric for Chinese Word Segmentation}}
@INPROCEEDINGS{papers-323,
   AUTHOR = {Zhuo, Jingwei and Cao, Yong and Zhu, Jun and Zhang, Bo and Nie, Zaiqing},
   SORTNAME = {Zhuo, Jingwei and Cao, Yong and Zhu, Jun and Zhang, Bo and Nie, Zaiqing},
   TITLE = {Segment-Level Sequence Modeling using Gated Recursive Semi-Markov Conditional Random Fields}}
@INPROCEEDINGS{papers-364,
   AUTHOR = {Schlangen, David and Zarrieß, Sina and Kennington, Casey},
   SORTNAME = {Schlangen, David and Zarrieß, Sina and Kennington, Casey},
   TITLE = {Resolving References to Objects in Photographs using the Words-As-Classifiers Model}}
@INPROCEEDINGS{papers-696,
   AUTHOR = {Wang, Sida I. and Liang, Percy and Manning, Christopher D.},
   SORTNAME = {Wang, Sida I. and Liang, Percy and Manning, Christopher D.},
   TITLE = {Learning Language Games through Interaction}}
@INPROCEEDINGS{papers-733,
   AUTHOR = {Cheng, Yong and Xu, Wei and He, Zhongjun and He, Wei and Wu, Hua and Sun, Maosong and Liu, Yang},
   SORTNAME = {Cheng, Yong and Xu, Wei and He, Zhongjun and He, Wei and Wu, Hua and Sun, Maosong and Liu, Yang},
   TITLE = {Semi-Supervised Learning for Neural Machine Translation}}
@INPROCEEDINGS{papers-666,
   AUTHOR = {Long, Reginald and Pasupat, Panupong and Liang, Percy},
   SORTNAME = {Long, Reginald and Pasupat, Panupong and Liang, Percy},
   TITLE = {Simpler Context-Dependent Logical Forms via Model Projections}}
@INPROCEEDINGS{papers-145,
   AUTHOR = {Sennrich, Rico and Haddow, Barry and Birch, Alexandra},
   SORTNAME = {Sennrich, Rico and Haddow, Barry and Birch, Alexandra},
   TITLE = {Neural Machine Translation of Rare Words with Subword Units}}
@INPROCEEDINGS{papers-870,
   AUTHOR = {Peng, Hao and Liu, Jing and Lin, Chin-Yew},
   SORTNAME = {Peng, Hao and Liu, Jing and Lin, Chin-Yew},
   TITLE = {News Citation Recommendation with Implicit and Explicit Semantics}}
@INPROCEEDINGS{papers-807,
   AUTHOR = {Katiyar, Arzoo and Cardie, Claire},
   SORTNAME = {Katiyar, Arzoo and Cardie, Claire},
   TITLE = {Investigating LSTMs for Joint Extraction of Opinion Entities and Relations}}
@INPROCEEDINGS{papers-035,
   AUTHOR = {xu, kun and Reddy, Siva and Feng, Yansong and Huang, Songfang and Zhao, Dongyan},
   SORTNAME = {xu, kun and Reddy, Siva and Feng, Yansong and Huang, Songfang and Zhao, Dongyan},
   TITLE = {Question Answering on Freebase via Relation Extraction and Textual Evidence}}
@INPROCEEDINGS{papers-114,
   AUTHOR = {Liu, Biao and Huang, Minlie},
   SORTNAME = {Liu, Biao and Huang, Minlie},
   TITLE = {A Sentence Interaction Network for Modeling Dependence between Sentences}}
@INPROCEEDINGS{papers-100,
   AUTHOR = {Li, Zhenghua and Zhang, Min and Zhang, Yue and Liu, Zhanyi and Chen, Wenliang and Wu, Hua and Wang, Haifeng},
   SORTNAME = {Li, Zhenghua and Zhang, Min and Zhang, Yue and Liu, Zhanyi and Chen, Wenliang and Wu, Hua and Wang, Haifeng},
   TITLE = {Active Learning for Dependency Parsing with Partial Annotation}}
@INPROCEEDINGS{papers-244,
   AUTHOR = {Tan, Ming and dos Santos, Cicero and Xiang, Bing and Zhou, Bowen},
   SORTNAME = {Tan, Ming and dos Santos, Cicero and Xiang, Bing and Zhou, Bowen},
   TITLE = {Improved Representation Learning for Question Answer Matching}}
@INPROCEEDINGS{papers-153,
   AUTHOR = {Flekova, Lucie and Gurevych, Iryna},
   SORTNAME = {Flekova, Lucie and Gurevych, Iryna},
   TITLE = {Supersense Embeddings: A Unified Model for Supersense Interpretation, Prediction, and Utilization}}
@INPROCEEDINGS{papers-230,
   AUTHOR = {Roth, Michael and Lapata, Mirella},
   SORTNAME = {Roth, Michael and Lapata, Mirella},
   TITLE = {Neural Semantic Role Labeling with Dependency Path Embeddings}}
@INPROCEEDINGS{papers-797,
   AUTHOR = {Rashkin, Hannah and Singh, Sameer and Choi, Yejin},
   SORTNAME = {Rashkin, Hannah and Singh, Sameer and Choi, Yejin},
   TITLE = {Connotation Frames: A Data-Driven Investigation}}
@INPROCEEDINGS{papers-461,
   AUTHOR = {Settles, Burr and Meeder, Brendan},
   SORTNAME = {Settles, Burr and Meeder, Brendan},
   TITLE = {A Trainable Spaced Repetition Model for Language Learning}}
@INPROCEEDINGS{papers-707,
   AUTHOR = {Shi, Bei and Lam, Wai and Bing, Lidong and Xu, Yinqing},
   SORTNAME = {Shi, Bei and Lam, Wai and Bing, Lidong and Xu, Yinqing},
   TITLE = {Detecting Common Discussion Topics Across Culture From News Reader Comments}}
@INPROCEEDINGS{papers-650,
   AUTHOR = {Khani, Fereshte and Rinard, Martin and Liang, Percy},
   SORTNAME = {Khani, Fereshte and Rinard, Martin and Liang, Percy},
   TITLE = {Unanimous Prediction for 100\% Precision with Application to Learning Semantic Mappings}}
@INPROCEEDINGS{papers-488,
   AUTHOR = {Globerson, Amir and Lazic, Nevena and Chakrabarti, Soumen and Subramanya, Amarnag and Ringaard, Michael and Pereira, Fernando},
   SORTNAME = {Globerson, Amir and Lazic, Nevena and Chakrabarti, Soumen and Subramanya, Amarnag and Ringaard, Michael and Pereira, Fernando},
   TITLE = {Collective Entity Resolution with Multi-Focal Attention}}
@INPROCEEDINGS{papers-741,
   AUTHOR = {Gulcehre, Caglar and Ahn, Sungjin and Nallapati, Ramesh and Zhou, Bowen and Bengio, Yoshua},
   SORTNAME = {Gulcehre, Caglar and Ahn, Sungjin and Nallapati, Ramesh and Zhou, Bowen and Bengio, Yoshua},
   TITLE = {Pointing the Unknown Words}}
@INPROCEEDINGS{papers-347,
   AUTHOR = {Aldebei, Khaled and He, Xiangjian and Jia, Wenjing and Yang, Jie},
   SORTNAME = {Aldebei, Khaled and He, Xiangjian and Jia, Wenjing and Yang, Jie},
   TITLE = {Unsupervised Multi-Author Document Decomposition Based on Hidden Markov Model}}
@INPROCEEDINGS{papers-002,
   AUTHOR = {Nagata, Ryo and Sakaguchi, Keisuke},
   SORTNAME = {Nagata, Ryo and Sakaguchi, Keisuke},
   TITLE = {Phrase Structure Annotation and Parsing for Learner English}}
@INPROCEEDINGS{papers-309,
   AUTHOR = {Hamilton, William L. and Leskovec, Jure and Jurafsky, Dan},
   SORTNAME = {Hamilton, William L. and Leskovec, Jure and Jurafsky, Dan},
   TITLE = {Diachronic Word Embeddings Reveal Statistical Laws of Semantic Change}}
@INPROCEEDINGS{papers-154,
   AUTHOR = {Hintz, Gerold and Biemann, Chris},
   SORTNAME = {Hintz, Gerold and Biemann, Chris},
   TITLE = {Language Transfer Learning for Supervised Lexical Substitution}}
@INPROCEEDINGS{papers-186,
   AUTHOR = {Dong, Li and Lapata, Mirella},
   SORTNAME = {Dong, Li and Lapata, Mirella},
   TITLE = {Language to Logical Form with Neural Attention}}
@INPROCEEDINGS{papers-907,
   AUTHOR = {Richardson, Kyle and Kuhn, Jonas},
   SORTNAME = {Richardson, Kyle and Kuhn, Jonas},
   TITLE = {Learning to Make Inferences in a Semantic Parsing Task}}
@INPROCEEDINGS{papers-844,
   AUTHOR = {Shivade, Chaitanya and Raghavan, Preethi and Patwardhan, Siddharth},
   SORTNAME = {Shivade, Chaitanya and Raghavan, Preethi and Patwardhan, Siddharth},
   TITLE = {Addressing Limited Data for Textual Entailment Across Domains}}
@INPROCEEDINGS{papers-265,
   AUTHOR = {Bowman, Samuel R. and Gauthier, Jon and Rastogi, Abhinav and Gupta, Raghav and Manning, Christopher D. and Potts, Christopher},
   SORTNAME = {Bowman, Samuel R. and Gauthier, Jon and Rastogi, Abhinav and Gupta, Raghav and Manning, Christopher D. and Potts, Christopher},
   TITLE = {A Fast Unified Model for Parsing and Sentence Understanding}}
@INPROCEEDINGS{papers-071,
   AUTHOR = {Zhou, Guangyou and Xie, Zhiwen and Huang, Jimmy Xiangji and He, Tingting},
   SORTNAME = {Zhou, Guangyou and Xie, Zhiwen and Huang, Jimmy Xiangji and He, Tingting},
   TITLE = {Bi-Transferring Deep Neural Networks for Domain Adaptation}}
@INPROCEEDINGS{papers-441,
   AUTHOR = {Heafield, Kenneth and Geigle, Chase and Massung, Sean and Schwartz, Lane},
   SORTNAME = {Heafield, Kenneth and Geigle, Chase and Massung, Sean and Schwartz, Lane},
   TITLE = {Normalized Log-Linear Interpolation of Backoff Language Models is Efficient}}
@INPROCEEDINGS{papers-887,
   AUTHOR = {Zhang, Jianmin and Yao, Jin-ge and Wan, Xiaojun},
   SORTNAME = {Zhang, Jianmin and Yao, Jin-ge and Wan, Xiaojun},
   TITLE = {Towards Constructing Sports News from Live Text Commentary}}
@INPROCEEDINGS{papers-520,
   AUTHOR = {She, Lanbo and Chai, Joyce},
   SORTNAME = {She, Lanbo and Chai, Joyce},
   TITLE = {Incremental Acquisition of Verb Hypothesis Space towards Physical World Interaction}}
@INPROCEEDINGS{papers-268,
   AUTHOR = {Berzak, Yevgeni and Kenney, Jessica and Spadine, Carolyn and Wang, Jing Xian and Lam, Lucia and Mori, Keiko Sophie and Garza, Sebastian and Katz, Boris},
   SORTNAME = {Berzak, Yevgeni and Kenney, Jessica and Spadine, Carolyn and Wang, Jing Xian and Lam, Lucia and Mori, Keiko Sophie and Garza, Sebastian and Katz, Boris},
   TITLE = {Universal Dependencies for Learner English}}
@INPROCEEDINGS{papers-045,
   AUTHOR = {Xiao, Han and Huang, Minlie and zhu, xiaoyan},
   SORTNAME = {Xiao, Han and Huang, Minlie and zhu, xiaoyan},
   TITLE = {TransG : A Generative Model for Knowledge Graph Embedding}}
@INPROCEEDINGS{papers-706,
   AUTHOR = {Chaganty, Arun and Liang, Percy},
   SORTNAME = {Chaganty, Arun and Liang, Percy},
   TITLE = {How Much is 131 Million Dollars? Putting Numbers in Perspective with Compositional Descriptions}}
@INPROCEEDINGS{papers-810,
   AUTHOR = {Das, Arpita and Yenala, Harish and Chinnakotla, Manoj and Shrivastava, Manish},
   SORTNAME = {Das, Arpita and Yenala, Harish and Chinnakotla, Manoj and Shrivastava, Manish},
   TITLE = {Together we stand: Siamese Networks for Similar Question Retrieval}}
@INPROCEEDINGS{papers-915,
   AUTHOR = {Sakaguchi, Keisuke and Napoles, Courtney and Post, Matt and Tetreault, Joel},
   SORTNAME = {Sakaguchi, Keisuke and Napoles, Courtney and Post, Matt and Tetreault, Joel},
   TITLE = {Reassessing the Goals of Grammatical Error Correction: Fluency Instead of Grammaticality}}
@INPROCEEDINGS{papers-820,
   AUTHOR = {Chen, Chen and Ng, Vincent},
   SORTNAME = {Chen, Chen and Ng, Vincent},
   TITLE = {Chinese Zero Pronoun Resolution with Deep Neural Networks}}
@INPROCEEDINGS{papers-231,
   AUTHOR = {Sokolov, Artem and Kreutzer, Julia and Lo, Christopher and Riezler, Stefan},
   SORTNAME = {Sokolov, Artem and Kreutzer, Julia and Lo, Christopher and Riezler, Stefan},
   TITLE = {Learning Structured Predictors from Bandit Feedback for Interactive NLP}}
@INPROCEEDINGS{papers-305,
   AUTHOR = {Shen, Shiqi and Cheng, Yong and He, Zhongjun and He, Wei and Wu, Hua and Sun, Maosong and Liu, Yang},
   SORTNAME = {Shen, Shiqi and Cheng, Yong and He, Zhongjun and He, Wei and Wu, Hua and Sun, Maosong and Liu, Yang},
   TITLE = {Minimum Risk Training for Neural Machine Translation}}
@INPROCEEDINGS{papers-275,
   AUTHOR = {ZHOU, Deyu and Gao, Tianmeng and He, Yulan},
   SORTNAME = {ZHOU, Deyu and Gao, Tianmeng and He, Yulan},
   TITLE = {Jointly Event Extraction and Visualization on Twitter via Probabilistic Modelling}}
@INPROCEEDINGS{papers-776,
   AUTHOR = {Angeli, Gabor and Nayak, Neha and Manning, Christopher D.},
   SORTNAME = {Angeli, Gabor and Nayak, Neha and Manning, Christopher D.},
   TITLE = {Combining Natural Logic and Shallow Reasoning for Question Answering}}
@INPROCEEDINGS{papers-336,
   AUTHOR = {Cai, Rui and Zhang, Xiaodong and WANG, Houfeng},
   SORTNAME = {Cai, Rui and Zhang, Xiaodong and WANG, Houfeng},
   TITLE = {Bidirectional Recurrent Convolutional Neural Network for Relation Classification}}
@INPROCEEDINGS{papers-288,
   AUTHOR = {Miyazaki, Takashi and Shimizu, Nobuyuki},
   SORTNAME = {Miyazaki, Takashi and Shimizu, Nobuyuki},
   TITLE = {Cross-Lingual Image Caption Generation}}
@INPROCEEDINGS{papers-387,
   AUTHOR = {Janzen, Sabine and Maaß, Wolfgang and Kowatsch, Tobias},
   SORTNAME = {Janzen, Sabine and Maaß, Wolfgang and Kowatsch, Tobias},
   TITLE = {Finding the Middle Ground - A Model for Planning Satisficing Answers}}
@INPROCEEDINGS{papers-485,
   AUTHOR = {Mishra, Abhijit and Kanojia, Diptesh and Nagar, Seema and Dey, Kuntal and Bhattacharyya, Pushpak},
   SORTNAME = {Mishra, Abhijit and Kanojia, Diptesh and Nagar, Seema and Dey, Kuntal and Bhattacharyya, Pushpak},
   TITLE = {Harnessing Cognitive Features for Sarcasm Detection}}
@INPROCEEDINGS{papers-849,
   AUTHOR = {Lee, John and Sturgeon, Donald and Luo, Mengqi},
   SORTNAME = {Lee, John and Sturgeon, Donald and Luo, Mengqi},
   TITLE = {A CALL System for Learning Preposition Usage}}
@INPROCEEDINGS{papers-266,
   AUTHOR = {Lu, Di and Pan, Xiaoman and Pourdamghani, Nima and Chang, Shih-Fu and Ji, Heng and Knight, Kevin},
   SORTNAME = {Lu, Di and Pan, Xiaoman and Pourdamghani, Nima and Chang, Shih-Fu and Ji, Heng and Knight, Kevin},
   TITLE = {A Multi-media Approach to Cross-lingual Entity Knowledge Transfer}}
@INPROCEEDINGS{papers-317,
   AUTHOR = {Stanovsky, Gabriel and Dagan, Ido},
   SORTNAME = {Stanovsky, Gabriel and Dagan, Ido},
   TITLE = {Annotating and Predicting Non-Restrictive Noun Phrase Modifications}}
@INPROCEEDINGS{papers-088,
   AUTHOR = {Yan, Zhao and Duan, Nan and Bao, Junwei and Chen, Peng and Zhou, Ming and Li, Zhoujun and Zhou, Jianshe},
   SORTNAME = {Yan, Zhao and Duan, Nan and Bao, Junwei and Chen, Peng and Zhou, Ming and Li, Zhoujun and Zhou, Jianshe},
   TITLE = {DocChat: An Information Retrieval Approach for Chatbot Engines Using Unstructured Documents}}
@INPROCEEDINGS{papers-232,
   AUTHOR = {Hitschler, Julian and Schamoni, Shigehiko and Riezler, Stefan},
   SORTNAME = {Hitschler, Julian and Schamoni, Shigehiko and Riezler, Stefan},
   TITLE = {Multimodal Pivots for Image Caption Translation}}
@INPROCEEDINGS{papers-368,
   AUTHOR = {Sugawara, Kohei and Kobayashi, Hayato and Iwasaki, Masajiro},
   SORTNAME = {Sugawara, Kohei and Kobayashi, Hayato and Iwasaki, Masajiro},
   TITLE = {On Approximately Searching for Similar Word Embeddings}}
@INPROCEEDINGS{papers-656,
   AUTHOR = {Biran, Or and Blevins, Terra and McKeown, Kathleen},
   SORTNAME = {Biran, Or and Blevins, Terra and McKeown, Kathleen},
   TITLE = {Mining Paraphrasal Typed Templates from a Plain Text Corpus}}
@INPROCEEDINGS{papers-074,
   AUTHOR = {Ficler, Jessica and Goldberg, Yoav},
   SORTNAME = {Ficler, Jessica and Goldberg, Yoav},
   TITLE = {Coordination Annotation Extension in the Penn Tree Bank}}
@INPROCEEDINGS{papers-474,
   AUTHOR = {Bogoychev, Nikolay and Lopez, Adam},
   SORTNAME = {Bogoychev, Nikolay and Lopez, Adam},
   TITLE = {N-gram language models for massively parallel devices}}
@INPROCEEDINGS{papers-910,
   AUTHOR = {Gutierrez, E. Dario and Shutova, Ekaterina and Lichtenstein, Patricia and de Melo, Gerard and Gilardi, Luca},
   SORTNAME = {Gutierrez, E. Dario and Shutova, Ekaterina and Lichtenstein, Patricia and de Melo, Gerard and Gilardi, Luca},
   TITLE = {Detecting Cross-cultural Differences Using a Multilingual Topic Model}}
@INPROCEEDINGS{papers-549,
   AUTHOR = {Xu, Yang and Reitter, David},
   SORTNAME = {Xu, Yang and Reitter, David},
   TITLE = {Entropy Converges Between Dialogue Participants: Explanations from an Information-Theoretic Perspective}}
@INPROCEEDINGS{papers-559,
   AUTHOR = {Sil, Avirup and Florian, Radu},
   SORTNAME = {Sil, Avirup and Florian, Radu},
   TITLE = {One for All: Towards Language Independent Named Entity Linking}}
@INPROCEEDINGS{papers-256,
   AUTHOR = {Fong, Christian and Grimmer, Justin},
   SORTNAME = {Fong, Christian and Grimmer, Justin},
   TITLE = {Discovery of Treatments from Text Corpora}}
@INPROCEEDINGS{papers-192,
   AUTHOR = {Cummins, Ronan and Zhang, Meng and Briscoe, Ted},
   SORTNAME = {Cummins, Ronan and Zhang, Meng and Briscoe, Ted},
   TITLE = {Constrained Multi-Task Learning for Automated Essay Scoring}}
@INPROCEEDINGS{papers-577,
   AUTHOR = {Zhang, Yuan and Weiss, David},
   SORTNAME = {Zhang, Yuan and Weiss, David},
   TITLE = {Stack-propagation: Improved Representation Learning for Syntax}}
@INPROCEEDINGS{papers-033,
   AUTHOR = {Li, Juzheng and Zhu, Jun and Zhang, Bo},
   SORTNAME = {Li, Juzheng and Zhu, Jun and Zhang, Bo},
   TITLE = {Discriminative Deep Random Walk for Network Classification}}
@INPROCEEDINGS{papers-775,
   AUTHOR = {Gong, Lin and Al Boni, Mohammad and Wang, Hongning},
   SORTNAME = {Gong, Lin and Al Boni, Mohammad and Wang, Hongning},
   TITLE = {Modeling Social Norms Evolution for Personalized Sentiment Classification}}
@INPROCEEDINGS{papers-413,
   AUTHOR = {Kadlec, Rudolf and Schmid, Martin and Bajgar, Ondřej and Kleindienst, Jan},
   SORTNAME = {Kadlec, Rudolf and Schmid, Martin and Bajgar, Ondrej and Kleindienst, Jan},
   TITLE = {Text Understanding with the Attention Sum Reader Network}}
@INPROCEEDINGS{papers-361,
   AUTHOR = {Mitra, Arindam and Baral, Chitta},
   SORTNAME = {Mitra, Arindam and Baral, Chitta},
   TITLE = {Learning To Use Formulas To Solve Simple Arithmetic Problems}}
@INPROCEEDINGS{papers-489,
   AUTHOR = {Björkelund, Anders and Faleńska, Agnieszka and Seeker, Wolfgang and Kuhn, Jonas},
   SORTNAME = {Bjorkelund, Anders and Falenska, Agnieszka and Seeker, Wolfgang and Kuhn, Jonas},
   TITLE = {How to Train Dependency Parsers with Inexact Search for Joint Sentence Boundary Detection and Parsing of Entire Documents}}
@INPROCEEDINGS{papers-142,
   AUTHOR = {Su, Pei-Hao and Gasic, Milica and Mrkšić, Nikola and Rojas Barahona, Lina M. and Ultes, Stefan and Vandyke, David and Wen, Tsung-Hsien and Young, Steve},
   SORTNAME = {Su, Pei-Hao and Gasic, Milica and Mrksic, Nikola and Rojas Barahona, Lina M. and Ultes, Stefan and Vandyke, David and Wen, Tsung-Hsien and Young, Steve},
   TITLE = {On-line Active Reward Learning for Policy Optimisation in Spoken Dialogue Systems}}
@INPROCEEDINGS{papers-644,
   AUTHOR = {Bingel, Joachim and Barrett, Maria and Søgaard, Anders},
   SORTNAME = {Bingel, Joachim and Barrett, Maria and Søgaard, Anders},
   TITLE = {Extracting token-level signals of syntactic processing from fMRI - with an application to PoS induction}}
@INPROCEEDINGS{papers-051,
   AUTHOR = {Etchegoyhen, Thierry and Azpeitia, Andoni},
   SORTNAME = {Etchegoyhen, Thierry and Azpeitia, Andoni},
   TITLE = {Set-Theoretic Alignment for Comparable Corpora}}
@INPROCEEDINGS{papers-742,
   AUTHOR = {Deri, Aliya and Knight, Kevin},
   SORTNAME = {Deri, Aliya and Knight, Kevin},
   TITLE = {Grapheme-to-Phoneme Models for (Almost) Any Language}}
@INPROCEEDINGS{papers-139,
   AUTHOR = {Liu, Shulin and Chen, Yubo and He, Shizhu and Liu, Kang and Zhao, Jun},
   SORTNAME = {Liu, Shulin and Chen, Yubo and He, Shizhu and Liu, Kang and Zhao, Jun},
   TITLE = {Leveraging FrameNet to Improve Automatic Event Detection}}
@INPROCEEDINGS{papers-473,
   AUTHOR = {Poursabzi-Sangdeh, Forough and Boyd-Graber, Jordan and Findlater, Leah and Seppi, Kevin},
   SORTNAME = {Poursabzi-Sangdeh, Forough and Boyd-Graber, Jordan and Findlater, Leah and Seppi, Kevin},
   TITLE = {ALTO: Active Learning with Topic Overviews for Speeding Label Induction and Document Labeling}}
@INPROCEEDINGS{papers-499,
   AUTHOR = {Fancellu, Federico and Lopez, Adam and Webber, Bonnie},
   SORTNAME = {Fancellu, Federico and Lopez, Adam and Webber, Bonnie},
   TITLE = {Neural Networks For Negation Scope Detection}}
@INPROCEEDINGS{papers-223,
   AUTHOR = {Sapkota, Upendra and Solorio, Thamar and Montes, Manuel and Bethard, Steven},
   SORTNAME = {Sapkota, Upendra and Solorio, Thamar and Montes, Manuel and Bethard, Steven},
   TITLE = {Domain Adaptation for Authorship Attribution: Improved Structural Correspondence Learning}}
@INPROCEEDINGS{papers-787,
   AUTHOR = {Burgess, Matthew and Giraudy, Eugenia and Adar, Eytan},
   SORTNAME = {Burgess, Matthew and Giraudy, Eugenia and Adar, Eytan},
   TITLE = {Prototype Synthesis for Model Laws}}
@INPROCEEDINGS{papers-330,
   AUTHOR = {Liu, Chunyang and Liu, Yang and Sun, Maosong and Luan, Huanbo and Yu, Heng},
   SORTNAME = {Liu, Chunyang and Liu, Yang and Sun, Maosong and Luan, Huanbo and Yu, Heng},
   TITLE = {Agreement-based Learning of Parallel Lexicons and Phrases from Non-Parallel Corpora}}
@INPROCEEDINGS{papers-046,
   AUTHOR = {Ma, Xuezhe and Hovy, Eduard},
   SORTNAME = {Ma, Xuezhe and Hovy, Eduard},
   TITLE = {End-to-end Sequence Labeling via Bi-directional LSTM-CNNs-CRF}}
@INPROCEEDINGS{papers-500,
   AUTHOR = {Bohnet, Bernd and McDonald, Ryan and Pitler, Emily and Ma, Ji},
   SORTNAME = {Bohnet, Bernd and McDonald, Ryan and Pitler, Emily and Ma, Ji},
   TITLE = {Generalized Transition-based Dependency Parsing via Control Parameters}}
@INPROCEEDINGS{papers-089,
   AUTHOR = {Sha, Lei and Liu, Jing and Lin, Chin-Yew and Li, Sujian and Chang, Baobao and Sui, Zhifang},
   SORTNAME = {Sha, Lei and Liu, Jing and Lin, Chin-Yew and Li, Sujian and Chang, Baobao and Sui, Zhifang},
   TITLE = {RBPB: Regularization-Based Pattern Balancing Method for Event Extraction}}
@INPROCEEDINGS{papers-698,
   AUTHOR = {Liu, Tong and Homan, Christopher and Ovesdotter Alm, Cecilia and Lytle, Megan and Marie White, Ann and Kautz, Henry},
   SORTNAME = {Liu, Tong and Homan, Christopher and Ovesdotter Alm, Cecilia and Lytle, Megan and Marie White, Ann and Kautz, Henry},
   TITLE = {Understanding Discourse on Work and Job-Related Well-Being in Public Social Media}}
@INPROCEEDINGS{papers-511,
   AUTHOR = {Pichotta, Karl and Mooney, Raymond J.},
   SORTNAME = {Pichotta, Karl and Mooney, Raymond J.},
   TITLE = {Using Sentence-Level LSTM Language Models for Script Inference}}
@INPROCEEDINGS{papers-376,
   AUTHOR = {Kenter, Tom and Borisov, Alexey and de Rijke, Maarten},
   SORTNAME = {Kenter, Tom and Borisov, Alexey and de Rijke, Maarten},
   TITLE = {Siamese CBOW: Optimizing Word Embeddings for Sentence Representations}}
@INPROCEEDINGS{papers-212,
   AUTHOR = {Sennrich, Rico and Haddow, Barry and Birch, Alexandra},
   SORTNAME = {Sennrich, Rico and Haddow, Barry and Birch, Alexandra},
   TITLE = {Improving Neural Machine Translation Models with Monolingual Data}}
@INPROCEEDINGS{papers-019,
   AUTHOR = {Wang, Bingning and Liu, Kang and Zhao, Jun},
   SORTNAME = {Wang, Bingning and Liu, Kang and Zhao, Jun},
   TITLE = {Inner Attention based Recurrent Neural Networks for Answer Selection}}
@INPROCEEDINGS{papers-693,
   AUTHOR = {Upadhyay, Shyam and Faruqui, Manaal and Dyer, Chris and Roth, Dan},
   SORTNAME = {Upadhyay, Shyam and Faruqui, Manaal and Dyer, Chris and Roth, Dan},
   TITLE = {Cross-lingual Models of Word Embeddings: An Empirical Comparison}}
@INPROCEEDINGS{papers-654,
   AUTHOR = {Ferreira, Daniel C. and Martins, André F. T. and Almeida, Mariana S. C.},
   SORTNAME = {Ferreira, Daniel C. and Martins, Andre F. T. and Almeida, Mariana S. C.},
   TITLE = {Jointly Learning to Embed and Predict with Multiple Languages}}
@INPROCEEDINGS{papers-523,
   AUTHOR = {Rei, Marek and Yannakoudakis, Helen},
   SORTNAME = {Rei, Marek and Yannakoudakis, Helen},
   TITLE = {Compositional Sequence Labeling Models for Error Detection in Learner Writing}}
@INPROCEEDINGS{papers-272,
   AUTHOR = {Huang, Lifu and Cassidy, Taylor and Feng, Xiaocheng and Ji, Heng and Voss, Clare R. and Han, Jiawei and Sil, Avirup},
   SORTNAME = {Huang, Lifu and Cassidy, Taylor and Feng, Xiaocheng and Ji, Heng and Voss, Clare R. and Han, Jiawei and Sil, Avirup},
   TITLE = {Liberal Event Extraction and Event Schema Induction}}
@INPROCEEDINGS{papers-509,
   AUTHOR = {Serban, Iulian Vlad and García-Durán, Alberto and Gulcehre, Caglar and Ahn, Sungjin and Chandar, Sarath and Courville, Aaron and Bengio, Yoshua},
   SORTNAME = {Serban, Iulian Vlad and Garcia-Duran, Alberto and Gulcehre, Caglar and Ahn, Sungjin and Chandar, Sarath and Courville, Aaron and Bengio, Yoshua},
   TITLE = {Generating Factoid Questions With Recurrent Neural Networks: The 30M Factoid Question-Answer Corpus}}
@INPROCEEDINGS{papers-096,
   AUTHOR = {Chen, Wenlin and Grangier, David and Auli, Michael},
   SORTNAME = {Chen, Wenlin and Grangier, David and Auli, Michael},
   TITLE = {Strategies for Training Large Vocabulary Neural Language Models}}
@INPROCEEDINGS{papers-553,
   AUTHOR = {Malinin, Andrey and van Dalen, Rogier and Knill, Kate and Wang, Yu and Gales, Mark},
   SORTNAME = {Malinin, Andrey and van Dalen, Rogier and Knill, Kate and Wang, Yu and Gales, Mark},
   TITLE = {Off-topic Response Detection for Spontaneous Spoken English Assessment}}
@INPROCEEDINGS{papers-082,
   AUTHOR = {Jauhar, Sujay Kumar and Turney, Peter and Hovy, Eduard},
   SORTNAME = {Jauhar, Sujay Kumar and Turney, Peter and Hovy, Eduard},
   TITLE = {Tables as Semi-structured Knowledge for Question Answering}}
@INPROCEEDINGS{papers-725,
   AUTHOR = {Doyle, Gabriel and Frank, Michael C.},
   SORTNAME = {Doyle, Gabriel and Frank, Michael C.},
   TITLE = {Investigating the Sources of Linguistic Alignment in Conversation}}
@INPROCEEDINGS{papers-510,
   AUTHOR = {Xiao, Chunyang and Dymetman, Marc and Gardent, Claire},
   SORTNAME = {Xiao, Chunyang and Dymetman, Marc and Gardent, Claire},
   TITLE = {Sequence-based Structured Prediction for Semantic Parsing}}
@INPROCEEDINGS{papers-208,
   AUTHOR = {Pavlick, Ellie and Callison-Burch, Chris},
   SORTNAME = {Pavlick, Ellie and Callison-Burch, Chris},
   TITLE = {Most ``babies'' are ``little'' and most ``problems'' are ``huge'': Compositional Entailment in Adjective-Nouns}}
@INPROCEEDINGS{papers-200,
   AUTHOR = {Qian, Peng and Qiu, Xipeng and Huang, Xuanjing},
   SORTNAME = {Qian, Peng and Qiu, Xipeng and Huang, Xuanjing},
   TITLE = {Investigating Language Universal and Specific Properties in Word Embeddings}}
@INPROCEEDINGS{papers-863,
   AUTHOR = {Chen, Danqi and Bolton, Jason and Manning, Christopher D.},
   SORTNAME = {Chen, Danqi and Bolton, Jason and Manning, Christopher D.},
   TITLE = {A Thorough Examination of the CNN/Daily Mail Reading Comprehension Task}}
@INPROCEEDINGS{papers-811,
   AUTHOR = {Takase, Sho and Okazaki, Naoaki and Inui, Kentaro},
   SORTNAME = {Takase, Sho and Okazaki, Naoaki and Inui, Kentaro},
   TITLE = {Composing Distributed Representations of Relational Patterns}}
@INPROCEEDINGS{papers-021,
   AUTHOR = {Sachan, Mrinmaya and Xing, Eric},
   SORTNAME = {Sachan, Mrinmaya and Xing, Eric},
   TITLE = {Easy Questions First? A Case Study on Curriculum Learning for Question Answering}}
@INPROCEEDINGS{papers-620,
   AUTHOR = {papantoniou, katerina and Konstantopoulos, Stasinos},
   SORTNAME = {papantoniou, katerina and Konstantopoulos, Stasinos},
   TITLE = {Unravelling Names of Fictional Characters}}
@INPROCEEDINGS{papers-501,
   AUTHOR = {Wang, Tian and Cho, Kyunghyun},
   SORTNAME = {Wang, Tian and Cho, Kyunghyun},
   TITLE = {Larger-Context Language Modelling with Recurrent Neural Network}}
@INPROCEEDINGS{papers-697,
   AUTHOR = {Tsvetkov, Yulia and Faruqui, Manaal and Ling, Wang and MacWhinney, Brian and Dyer, Chris},
   SORTNAME = {Tsvetkov, Yulia and Faruqui, Manaal and Ling, Wang and MacWhinney, Brian and Dyer, Chris},
   TITLE = {Learning the Curriculum with Bayesian Optimization for Task-Specific Word Representation Learning}}
@INPROCEEDINGS{papers-674,
   AUTHOR = {Wu, Fangzhao and Huang, Yongfeng},
   SORTNAME = {Wu, Fangzhao and Huang, Yongfeng},
   TITLE = {Sentiment Domain Adaptation with Multiple Sources}}
@INPROCEEDINGS{papers-529,
   AUTHOR = {Bhatt, Himanshu Sharad and Sinha, Manjira and Roy, Shourya},
   SORTNAME = {Bhatt, Himanshu Sharad and Sinha, Manjira and Roy, Shourya},
   TITLE = {Cross-domain Text Classification with Multiple Domains and Disparate Label Sets}}
@INPROCEEDINGS{papers-569,
   AUTHOR = {Wilson, Shomir and Schaub, Florian and Dara, Aswarth Abhilash and Liu, Frederick and Cherivirala, Sushain and Giovanni Leon, Pedro and Schaarup Andersen, Mads and Zimmeck, Sebastian and Sathyendra, Kanthashree Mysore and Russell, N. Cameron and B. Norton, Thomas and Hovy, Eduard and Reidenberg, Joel and Sadeh, Norman},
   SORTNAME = {Wilson, Shomir and Schaub, Florian and Dara, Aswarth Abhilash and Liu, Frederick and Cherivirala, Sushain and Giovanni Leon, Pedro and Schaarup Andersen, Mads and Zimmeck, Sebastian and Sathyendra, Kanthashree Mysore and Russell, N. Cameron and B. Norton, Thomas and Hovy, Eduard and Reidenberg, Joel and Sadeh, Norman},
   TITLE = {The Creation and Analysis of a Website Privacy Policy Corpus}}
@INPROCEEDINGS{papers-663,
   AUTHOR = {Amiri, Hadi and Resnik, Philip and Boyd-Graber, Jordan and Daumé III, Hal},
   SORTNAME = {Amiri, Hadi and Resnik, Philip and Boyd-Graber, Jordan and Daume III, Hal},
   TITLE = {Learning Text Pair Similarity with Context-sensitive Autoencoders}}
@INPROCEEDINGS{papers-416,
   AUTHOR = {Kazemian, Siavash and Zhao, Shunan and Penn, Gerald},
   SORTNAME = {Kazemian, Siavash and Zhao, Shunan and Penn, Gerald},
   TITLE = {Evaluating Sentiment Analysis in the Context of Securities Trading}}
@INPROCEEDINGS{papers-518,
   AUTHOR = {Eckle-Kohler, Judith},
   SORTNAME = {Eckle-Kohler, Judith},
   TITLE = {Verbs Taking Clausal and Non-Finite Arguments as Signals of Modality --- Revisiting the Issue of Meaning Grounded in Syntax}}
@INPROCEEDINGS{papers-717,
   AUTHOR = {Clark, Kevin and Manning, Christopher D.},
   SORTNAME = {Clark, Kevin and Manning, Christopher D.},
   TITLE = {Improving Coreference Resolution by Learning Entity-Level Distributed Representations}}
@INPROCEEDINGS{papers-446,
   AUTHOR = {Kacorri, Hernisa and Huenerfauth, Matt},
   SORTNAME = {Kacorri, Hernisa and Huenerfauth, Matt},
   TITLE = {Continuous Profile Models in ASL Syntactic Facial Expression Synthesis}}
@INPROCEEDINGS{papers-008,
   AUTHOR = {Yu, Dian and Ji, Heng},
   SORTNAME = {Yu, Dian and Ji, Heng},
   TITLE = {Unsupervised Person Slot Filling based on Graph Mining}}
@INPROCEEDINGS{papers-225,
   AUTHOR = {Scheible, Christian and Klinger, Roman and Padó, Sebastian},
   SORTNAME = {Scheible, Christian and Klinger, Roman and Pado, Sebastian},
   TITLE = {Model Architectures for Quotation Detection}}
@INPROCEEDINGS{papers-148,
   AUTHOR = {Cheng, Jianpeng and Lapata, Mirella},
   SORTNAME = {Cheng, Jianpeng and Lapata, Mirella},
   TITLE = {Neural Summarization by Extracting Sentences and Words}}
@INPROCEEDINGS{papers-289,
   AUTHOR = {Durrett, Greg and Berg-Kirkpatrick, Taylor and Klein, Dan},
   SORTNAME = {Durrett, Greg and Berg-Kirkpatrick, Taylor and Klein, Dan},
   TITLE = {Learning-Based Single-Document Summarization with Compression and Anaphoricity Constraints}}
@INPROCEEDINGS{papers-331,
   AUTHOR = {Peng, Haoruo and Roth, Dan},
   SORTNAME = {Peng, Haoruo and Roth, Dan},
   TITLE = {Two Discourse Driven Language Models for Semantics}}
@INPROCEEDINGS{papers-168,
   AUTHOR = {Wang, Wenhui and Chang, Baobao},
   SORTNAME = {Wang, Wenhui and Chang, Baobao},
   TITLE = {Graph-based Dependency Parsing with Bidirectional LSTM}}
@INPROCEEDINGS{papers-534,
   AUTHOR = {Gordon, Jonathan and Zhu, Linhong and Galstyan, Aram and Natarajan, Prem and Burns, Gully},
   SORTNAME = {Gordon, Jonathan and Zhu, Linhong and Galstyan, Aram and Natarajan, Prem and Burns, Gully},
   TITLE = {Modeling Concept Dependencies in a Scientific Corpus}}
@INPROCEEDINGS{papers-765,
   AUTHOR = {Kato, Yoshihide and Matsubara, Shigeki},
   SORTNAME = {Kato, Yoshihide and Matsubara, Shigeki},
   TITLE = {Transition-Based Left-Corner Parsing for Identifying PTB-Style Nonlocal Dependencies}}
@INPROCEEDINGS{papers-808,
   AUTHOR = {Matthews, Austin and Schlinger, Eva and Lavie, Alon and Dyer, Chris},
   SORTNAME = {Matthews, Austin and Schlinger, Eva and Lavie, Alon and Dyer, Chris},
   TITLE = {Synthesizing Compound Words for Machine Translation}}
@INPROCEEDINGS{papers-251,
   AUTHOR = {Levi, Effi and Reichart, Roi and Rappoport, Ari},
   SORTNAME = {Levi, Effi and Reichart, Roi and Rappoport, Ari},
   TITLE = {Edge-Linear First-Order Dependency Parsing with Undirected Minimum Spanning Tree Inference}}
@INPROCEEDINGS{papers-513,
   AUTHOR = {Arapakis, Ioannis and Peleja, Filipa and Berkant, Barla and Magalhaes, Joao},
   SORTNAME = {Arapakis, Ioannis and Peleja, Filipa and Berkant, Barla and Magalhaes, Joao},
   TITLE = {Linguistic Benchmarks of Online News Article Quality}}
@INPROCEEDINGS{papers-388,
   AUTHOR = {Chung, Junyoung and Cho, Kyunghyun and Bengio, Yoshua},
   SORTNAME = {Chung, Junyoung and Cho, Kyunghyun and Bengio, Yoshua},
   TITLE = {A Character-level Decoder without Explicit Segmentation for Neural Machine Translation}}
@INPROCEEDINGS{papers-829,
   AUTHOR = {Shi, Chen and Liu, Shujie and Ren, Shuo and Feng, Shi and Li, Mu and Zhou, Ming and Sun, Xu and WANG, Houfeng},
   SORTNAME = {Shi, Chen and Liu, Shujie and Ren, Shuo and Feng, Shi and Li, Mu and Zhou, Ming and Sun, Xu and WANG, Houfeng},
   TITLE = {Knowledge-Based Semantic Embedding for Machine Translation}}
@INPROCEEDINGS{papers-770,
   AUTHOR = {Boag, William and Campos, Renan and Saenko, Kate and Rumshisky, Anna},
   SORTNAME = {Boag, William and Campos, Renan and Saenko, Kate and Rumshisky, Anna},
   TITLE = {MUTT: Metric Unit TesTing for Language Generation Tasks}}
@INPROCEEDINGS{papers-628,
   AUTHOR = {Limsopatham, Nut and Collier, Nigel},
   SORTNAME = {Limsopatham, Nut and Collier, Nigel},
   TITLE = {Normalising Medical Concepts in Social Media Texts by Learning Semantic Representation}}
@INPROCEEDINGS{papers-121,
   AUTHOR = {Gutierrez, E.Dario and Levy, Roger and Bergen, Benjamin},
   SORTNAME = {Gutierrez, E.Dario and Levy, Roger and Bergen, Benjamin},
   TITLE = {Finding Non-Arbitrary Form-Meaning Systematicity Using String-Metric Learning for Kernel Regression}}
