@INPROCEEDINGS{argmining2016-005,
   AUTHOR = {Addawood, Aseel and Bashir, Masooda},
   SORTNAME = {Addawood, Aseel and Bashir, Masooda},
   TITLE = {``What Is Your Evidence?'' A Study of Controversial Topics on Social Media}}
@INPROCEEDINGS{argmining2016-020,
   AUTHOR = {Duthie, Rory and Lawrence, John and Budzynska, Katarzyna and Reed, Chris},
   SORTNAME = {Duthie, Rory and Lawrence, John and Budzynska, Katarzyna and Reed, Chris},
   TITLE = {The CASS Technique for Evaluating the Performance of Argument Mining}}
@INPROCEEDINGS{argmining2016-006,
   AUTHOR = {Liebeck, Matthias and Esau, Katharina and Conrad, Stefan},
   SORTNAME = {Liebeck, Matthias and Esau, Katharina and Conrad, Stefan},
   TITLE = {What to Do with an Airport? Mining Arguments in the German Online Participation Project Tempelhofer Feld}}
@INPROCEEDINGS{argmining2016-029,
   AUTHOR = {Peldszus, Andreas and Stede, Manfred},
   SORTNAME = {Peldszus, Andreas and Stede, Manfred},
   TITLE = {Rhetorical structure and argumentation structure in monologue text}}
@INPROCEEDINGS{argmining2016-023,
   AUTHOR = {Becker, Maria and Palmer, Alexis and Frank, Anette},
   SORTNAME = {Becker, Maria and Palmer, Alexis and Frank, Anette},
   TITLE = {Argumentative texts and clause types}}
@INPROCEEDINGS{argmining2016-009,
   AUTHOR = {van Son, Chantal and Caselli, Tommaso and Fokkens, Antske and Maks, Isa and Morante, Roser and Aroyo, Lora and Vossen, Piek},
   SORTNAME = {van Son, Chantal and Caselli, Tommaso and Fokkens, Antske and Maks, Isa and Morante, Roser and Aroyo, Lora and Vossen, Piek},
   TITLE = {Unshared Task at the 3rd Workshop on Argument Mining: Perspective Based Local Agreement and Disagreement in Online Debate}}
@INPROCEEDINGS{argmining2016-027,
   AUTHOR = {Barker, Emma and Gaizauskas, Robert},
   SORTNAME = {Barker, Emma and Gaizauskas, Robert},
   TITLE = {Summarizing Multi-Party Argumentative Conversations in Reader Comment on News}}
@INPROCEEDINGS{argmining2016-010,
   AUTHOR = {Egan, Charlie and Siddharthan, Advaith and Wyner, Adam},
   SORTNAME = {Egan, Charlie and Siddharthan, Advaith and Wyner, Adam},
   TITLE = {Summarising the points made in online political debates}}
@INPROCEEDINGS{argmining2016-011,
   AUTHOR = {Rajendran, Pavithra and Bollegala, Danushka and Parsons, Simon},
   SORTNAME = {Rajendran, Pavithra and Bollegala, Danushka and Parsons, Simon},
   TITLE = {Contextual stance classification of opinions: A step towards enthymeme reconstruction in online reviews}}
@INPROCEEDINGS{argmining2016-031,
   AUTHOR = {Boltuzic, Filip and Å najder, Jan},
   SORTNAME = {Boltuzic, Filip and Snajder, Jan},
   TITLE = {Fill the Gap! Analyzing Implicit Premises between Claims from Online Debates}}
@INPROCEEDINGS{argmining2016-007,
   AUTHOR = {Beigman Klebanov, Beata and Stab, Christian and Burstein, Jill and Song, Yi and Gyawali, Binod and Gurevych, Iryna},
   SORTNAME = {Beigman Klebanov, Beata and Stab, Christian and Burstein, Jill and Song, Yi and Gyawali, Binod and Gurevych, Iryna},
   TITLE = {Argumentation: Content, Structure, and Relationship with Essay Quality}}
@INPROCEEDINGS{argmining2016-014,
   AUTHOR = {Wei, Zhongyu and Xia, Yandi and Li, Chen and Liu, Yang and Stallbohm, Zachary and Li, Yi and Jin, Yang},
   SORTNAME = {Wei, Zhongyu and Xia, Yandi and Li, Chen and Liu, Yang and Stallbohm, Zachary and Li, Yi and Jin, Yang},
   TITLE = {A Preliminary Study of Disputation Behavior in Online Debating Forum}}
@INPROCEEDINGS{argmining2016-022,
   AUTHOR = {Mandya, Angrosh and Siddharthan, Advaith and Wyner, Adam},
   SORTNAME = {Mandya, Angrosh and Siddharthan, Advaith and Wyner, Adam},
   TITLE = {Scrutable Feature Sets for Stance Classification}}
@INPROCEEDINGS{argmining2016-002,
   AUTHOR = {Koreeda, Yuta and Yanase, Toshihiko and Yanai, Kohsuke and Sato, Misa and Niwa, Yoshiki},
   SORTNAME = {Koreeda, Yuta and Yanase, Toshihiko and Yanai, Kohsuke and Sato, Misa and Niwa, Yoshiki},
   TITLE = {Neural Attention Model for Classification of Sentences that Support Promoting/Suppressing Relationship}}
@INPROCEEDINGS{argmining2016-012,
   AUTHOR = {Toledo-Ronen, Orith and Bar-Haim, Roy and Slonim, Noam},
   SORTNAME = {Toledo-Ronen, Orith and Bar-Haim, Roy and Slonim, Noam},
   TITLE = {Expert Stance Graphs for Computational Argumentation}}
@INPROCEEDINGS{argmining2016-004,
   AUTHOR = {Skeppstedt, Maria and Sahlgren, Magnus and Paradis, Carita and Kerren, Andreas},
   SORTNAME = {Skeppstedt, Maria and Sahlgren, Magnus and Paradis, Carita and Kerren, Andreas},
   TITLE = {Unshared task: (Dis)agreement in online debates}}
@INPROCEEDINGS{argmining2016-025,
   AUTHOR = {Savelka, Jaromir and Ashley, Kevin D.},
   SORTNAME = {Savelka, Jaromir and Ashley, Kevin D.},
   TITLE = {Extracting Case Law Sentences for Argumentation about the Meaning of Statutory Terms}}
@INPROCEEDINGS{argmining2016-019,
   AUTHOR = {Musi, Elena and Ghosh, Debanjan and Muresan, Smaranda},
   SORTNAME = {Musi, Elena and Ghosh, Debanjan and Muresan, Smaranda},
   TITLE = {Towards Feasible Guidelines for the Annotation of Argument Schemes}}
@INPROCEEDINGS{argmining2016-001,
   AUTHOR = {Stab, Christian and Gurevych, Iryna},
   SORTNAME = {Stab, Christian and Gurevych, Iryna},
   TITLE = {Recognizing the Absence of Opposing Arguments in Persuasive Essays}}
@INPROCEEDINGS{argmining2016-018,
   AUTHOR = {Petasis, Georgios and Karkaletsis, Vangelis},
   SORTNAME = {Petasis, Georgios and Karkaletsis, Vangelis},
   TITLE = {Identifying Argument Components through TextRank}}
