@INPROCEEDINGS{vl16-005,
   AUTHOR = {Elhoseiny, Mohamed and Cohen, Scott and Chang, Walter and Price, Brian and Elgammal, Ahmed},
   SORTNAME = {Elhoseiny, Mohamed and Cohen, Scott and Chang, Walter and Price, Brian and Elgammal, Ahmed},
   TITLE = {Automatic Annotation of Structured Facts in Images}}
@INPROCEEDINGS{vl16-006,
   AUTHOR = {Yu, Yanchao and Eshghi, Arash and Lemon, Oliver},
   SORTNAME = {Yu, Yanchao and Eshghi, Arash and Lemon, Oliver},
   TITLE = {Interactively Learning Visually Grounded Word Meanings from a Human Tutor}}
@INPROCEEDINGS{vl16-013,
   AUTHOR = {Mehler, Alexander and Uslu, Tolga and Hemati, Wahed},
   SORTNAME = {Mehler, Alexander and Uslu, Tolga and Hemati, Wahed},
   TITLE = {Text2voronoi: An Image-driven Approach to Differential Diagnosis}}
@INPROCEEDINGS{vl16-009,
   AUTHOR = {Sorodoc, Ionut and Lazaridou, Angeliki and Boleda, Gemma and Herbelot, Aurélie and Pezzelle, Sandro and Bernardi, Raffaella},
   SORTNAME = {Sorodoc, Ionut and Lazaridou, Angeliki and Boleda, Gemma and Herbelot, Aurelie and Pezzelle, Sandro and Bernardi, Raffaella},
   TITLE = {``Look, some Green Circles!'': Learning to Quantify from Images}}
@INPROCEEDINGS{vl16-010,
   AUTHOR = {Pezzelle, Sandro and Shekhar, Ravi and Bernardi, Raffaella},
   SORTNAME = {Pezzelle, Sandro and Shekhar, Ravi and Bernardi, Raffaella},
   TITLE = {Building a Bagpipe with a Bag and a Pipe: Exploring Conceptual Combination in Vision}}
@INPROCEEDINGS{vl16-015,
   AUTHOR = {Hodosh, Micah and Hockenmaier, Julia},
   SORTNAME = {Hodosh, Micah and Hockenmaier, Julia},
   TITLE = {Focused Evaluation for Image Description with Binary Forced-Choice Tasks}}
@INPROCEEDINGS{vl16-011,
   AUTHOR = {Kilickaya, Mert and Ikizler-Cinbis, Nazli and Erdem, Erkut and Erdem, Aykut},
   SORTNAME = {Kilickaya, Mert and Ikizler-Cinbis, Nazli and Erdem, Erkut and Erdem, Aykut},
   TITLE = {Leveraging Captions in the Wild to Improve Object Detection}}
@INPROCEEDINGS{vl16-007,
   AUTHOR = {Hürlimann, Manuela and Bos, Johan},
   SORTNAME = {Hurlimann, Manuela and Bos, Johan},
   TITLE = {Combining Lexical and Spatial Knowledge to Predict Spatial Relations between Objects in Images}}
@INPROCEEDINGS{vl16-002,
   AUTHOR = {Elliott, Desmond and Frank, Stella and Sima'an, Khalil and Specia, Lucia},
   SORTNAME = {Elliott, Desmond and Frank, Stella and Sima'an, Khalil and Specia, Lucia},
   TITLE = {Multi30K: Multilingual English-German Image Descriptions}}
@INPROCEEDINGS{vl16-017,
   AUTHOR = {Belz, Anja and Muscat, Adrian and Birmingham, Brandon},
   SORTNAME = {Belz, Anja and Muscat, Adrian and Birmingham, Brandon},
   TITLE = {Exploring Different Preposition Sets, Models and Feature Sets in Automatic Generation of Spatial Image Descriptions}}
@INPROCEEDINGS{vl16-016,
   AUTHOR = {Winn, Olivia and Kidambi, Madhavan Kavanur and Muresan, Smaranda},
   SORTNAME = {Winn, Olivia and Kidambi, Madhavan Kavanur and Muresan, Smaranda},
   TITLE = {Detecting Visually Relevant Sentences for Fine-Grained Classification}}
@INPROCEEDINGS{vl16-001,
   AUTHOR = {Alharbi, Nouf and Gotoh, Yoshihiko},
   SORTNAME = {Alharbi, Nouf and Gotoh, Yoshihiko},
   TITLE = {Natural Language Descriptions of Human Activities Scenes: Corpus Generation and Analysis}}
@INPROCEEDINGS{vl16-008,
   AUTHOR = {van Miltenburg, Emiel and Morante, Roser and Elliott, Desmond},
   SORTNAME = {van Miltenburg, Emiel and Morante, Roser and Elliott, Desmond},
   TITLE = {Pragmatic Factors in Image Description: The Case of Negations}}
