@INPROCEEDINGS{NEWS2016-005,
   AUTHOR = {Finch, Andrew and Liu, Lemao and Wang, Xiaolin and Sumita, Eiichiro},
   SORTNAME = {Finch, Andrew and Liu, Lemao and Wang, Xiaolin and Sumita, Eiichiro},
   TITLE = {Target-Bidirectional Neural Models for Machine Transliteration}}
@INPROCEEDINGS{NEWS2016-020,
   AUTHOR = {Duan, Xiangyu and Zhang, Min and Li, Haizhou and Banchs, Rafael and Kumaran, A.},
   SORTNAME = {Duan, Xiangyu and Zhang, Min and Li, Haizhou and Banchs, Rafael and Kumaran, A.},
   TITLE = {Whitepaper of NEWS 2016 Shared Task on Machine Transliteration}}
@INPROCEEDINGS{NEWS2016-006,
   AUTHOR = {Druzhkina, Anna and Leontyev, Alexey and Stepanova, Maria},
   SORTNAME = {Druzhkina, Anna and Leontyev, Alexey and Stepanova, Maria},
   TITLE = {German NER with a Multilingual Rule Based Information Extraction System: Analysis and Issues}}
@INPROCEEDINGS{NEWS2016-003,
   AUTHOR = {Costa-jussà, Marta R.},
   SORTNAME = {Costa-jussa, Marta R.},
   TITLE = {Moses-based official baseline for NEWS 2016}}
@INPROCEEDINGS{NEWS2016-013,
   AUTHOR = {Vexler, Reuth and Minkov, Einat},
   SORTNAME = {Vexler, Reuth and Minkov, Einat},
   TITLE = {Multi-source named entity typing for social media}}
@INPROCEEDINGS{NEWS2016-010,
   AUTHOR = {Copara Zea, Jenny Linet and Ochoa Luna, Jose Eduardo and Thorne, Camilo and Glavaš, Goran},
   SORTNAME = {Copara Zea, Jenny Linet and Ochoa Luna, Jose Eduardo and Thorne, Camilo and Glavas, Goran},
   TITLE = {Spanish NER with Word Representations and Conditional Random Fields}}
@INPROCEEDINGS{NEWS2016-011,
   AUTHOR = {Iwakura, Tomoya and Komiya, Kanako and Tachibana, Ryuichi},
   SORTNAME = {Iwakura, Tomoya and Komiya, Kanako and Tachibana, Ryuichi},
   TITLE = {Constructing a Japanese Basic Named Entity Corpus of Various Genres}}
@INPROCEEDINGS{NEWS2016-007,
   AUTHOR = {Nguyen, Binh Minh and Ngo, Hoang Gia and Chen, Nancy F.},
   SORTNAME = {Nguyen, Binh Minh and Ngo, Hoang Gia and Chen, Nancy F.},
   TITLE = {Regulating Orthography-Phonology Relationship for English to Thai Transliteration}}
@INPROCEEDINGS{NEWS2016-014,
   AUTHOR = {Jiang, Ridong and Banchs, Rafael E. and Li, Haizhou},
   SORTNAME = {Jiang, Ridong and Banchs, Rafael E. and Li, Haizhou},
   TITLE = {Evaluating and Combining Name Entity Recognition Systems}}
@INPROCEEDINGS{NEWS2016-004,
   AUTHOR = {Shao, Yan and Nivre, Joakim},
   SORTNAME = {Shao, Yan and Nivre, Joakim},
   TITLE = {Applying Neural Networks to English-Chinese Named Entity Transliteration}}
@INPROCEEDINGS{NEWS2016-019,
   AUTHOR = {Halpern, Jack},
   SORTNAME = {Halpern, Jack},
   TITLE = {Linguistic Issues in the Machine Transliteration of Chinese, Japanese and Arabic Names}}
@INPROCEEDINGS{NEWS2016-016,
   AUTHOR = {Duan, Xiangyu and Banchs, Rafael and Zhang, Min and Li, Haizhou and Kumaran, A.},
   SORTNAME = {Duan, Xiangyu and Banchs, Rafael and Zhang, Min and Li, Haizhou and Kumaran, A.},
   TITLE = {Report of NEWS 2016 Machine Transliteration Shared Task}}
@INPROCEEDINGS{NEWS2016-008,
   AUTHOR = {Lin, Ying and Pan, Xiaoman and Deri, Aliya and Ji, Heng and Knight, Kevin},
   SORTNAME = {Lin, Ying and Pan, Xiaoman and Deri, Aliya and Ji, Heng and Knight, Kevin},
   TITLE = {Leveraging Entity Linking and Related Language Projection to Improve Name Transliteration}}
