@INPROCEEDINGS{sigmorphon16-003,
   AUTHOR = {James, Kristy and Wieling, Martijn},
   SORTNAME = {James, Kristy and Wieling, Martijn},
   TITLE = {Read my points: Effect of animation type when speech-reading from EMA data}}
@INPROCEEDINGS{sigmorphon16-029,
   AUTHOR = {Liu, Ling and Mao, Lingshuang Jack},
   SORTNAME = {Liu, Ling and Mao, Lingshuang Jack},
   TITLE = {Morphological reinflection with conditional random fields and unsupervised features}}
@INPROCEEDINGS{sigmorphon16-032,
   AUTHOR = {Sorokin, Alexey},
   SORTNAME = {Sorokin, Alexey},
   TITLE = {Using longest common subsequence and character models to predict word forms}}
@INPROCEEDINGS{sigmorphon16-009,
   AUTHOR = {Nicolai, Garrett and Yao, Lei and Kondrak, Grzegorz},
   SORTNAME = {Nicolai, Garrett and Yao, Lei and Kondrak, Grzegorz},
   TITLE = {Morphological Segmentation Can Improve Syllabification}}
@INPROCEEDINGS{sigmorphon16-010,
   AUTHOR = {Aksënova, Alëna and Graf, Thomas and Moradi, Sedigheh},
   SORTNAME = {Aksenova, Alena and Graf, Thomas and Moradi, Sedigheh},
   TITLE = {Morphotactics as Tier-Based Strictly Local Dependencies}}
@INPROCEEDINGS{sigmorphon16-026,
   AUTHOR = {Alegria, Iñaki and Etxeberria, Izaskun},
   SORTNAME = {Alegria, Inaki and Etxeberria, Izaskun},
   TITLE = {EHU at the SIGMORPHON 2016 Shared Task. A Simple Proposal: Grapheme-to-Phoneme for Inflection}}
@INPROCEEDINGS{sigmorphon16-031,
   AUTHOR = {King, David},
   SORTNAME = {King, David},
   TITLE = {Evaluating Sequence Alignment for Learning Inflectional Morphology}}
@INPROCEEDINGS{sigmorphon16-030,
   AUTHOR = {Aharoni, Roee and Goldberg, Yoav and Belinkov, Yonatan},
   SORTNAME = {Aharoni, Roee and Goldberg, Yoav and Belinkov, Yonatan},
   TITLE = {Improving Sequence to Sequence Learning for Morphological Inflection Generation: The BIU-MIT Systems for the SIGMORPHON 2016 Shared Task for Morphological Reinflection}}
@INPROCEEDINGS{sigmorphon16-007,
   AUTHOR = {Zamaraeva, Olga},
   SORTNAME = {Zamaraeva, Olga},
   TITLE = {Inferring Morphotactics from Interlinear Glossed Text: Combining Clustering and Precision Grammars}}
@INPROCEEDINGS{sigmorphon16-014,
   AUTHOR = {ZHANG, SHUO},
   SORTNAME = {ZHANG, SHUO},
   TITLE = {Mining linguistic tone patterns with symbolic representation}}
@INPROCEEDINGS{sigmorphon16-035,
   AUTHOR = {Cotterell, Ryan and Kirov, Christo and Sylak-Glassman, John and Yarowsky, David and Eisner, Jason and Hulden, Mans},
   SORTNAME = {Cotterell, Ryan and Kirov, Christo and Sylak-Glassman, John and Yarowsky, David and Eisner, Jason and Hulden, Mans},
   TITLE = {The SIGMORPHON 2016 Shared Task—Morphological Reinflection}}
@INPROCEEDINGS{sigmorphon16-002,
   AUTHOR = {Nguyen, Dong and Cornips, Leonie},
   SORTNAME = {Nguyen, Dong and Cornips, Leonie},
   TITLE = {Automatic Detection of Intra-Word Code-Switching}}
@INPROCEEDINGS{sigmorphon16-028,
   AUTHOR = {Nicolai, Garrett and Hauer, Bradley and St Arnaud, Adam and Kondrak, Grzegorz},
   SORTNAME = {Nicolai, Garrett and Hauer, Bradley and St Arnaud, Adam and Kondrak, Grzegorz},
   TITLE = {Morphological Reinflection via Discriminative String Transduction}}
@INPROCEEDINGS{sigmorphon16-034,
   AUTHOR = {Taji, Dima and Eskander, Ramy and Habash, Nizar and Rambow, Owen},
   SORTNAME = {Taji, Dima and Eskander, Ramy and Habash, Nizar and Rambow, Owen},
   TITLE = {The Columbia University - New York University Abu Dhabi SIGMORPHON 2016 Morphological Reinflection Shared Task Submission}}
@INPROCEEDINGS{sigmorphon16-033,
   AUTHOR = {Kann, Katharina and Schütze, Hinrich},
   SORTNAME = {Kann, Katharina and Schutze, Hinrich},
   TITLE = {MED: The LMU System for the SIGMORPHON 2016 Shared Task on Morphological Reinflection}}
@INPROCEEDINGS{sigmorphon16-012,
   AUTHOR = {Meyer, Anthony and Dickinson, Markus},
   SORTNAME = {Meyer, Anthony and Dickinson, Markus},
   TITLE = {A Multilinear Approach to the Unsupervised Learning of Morphology}}
@INPROCEEDINGS{sigmorphon16-004,
   AUTHOR = {Kisselew, Max and Rimell, Laura and Palmer, Alexis and Padó, Sebastian},
   SORTNAME = {Kisselew, Max and Rimell, Laura and Palmer, Alexis and Pado, Sebastian},
   TITLE = {Predicting the Direction of Derivation in English Conversion}}
@INPROCEEDINGS{sigmorphon16-025,
   AUTHOR = {Östling, Robert},
   SORTNAME = {Ostling, Robert},
   TITLE = {Morphological reinflection with convolutional neural networks}}
@INPROCEEDINGS{sigmorphon16-001,
   AUTHOR = {Ma, Jianqiang and Henrich, Verena and Hinrichs, Erhard},
   SORTNAME = {Ma, Jianqiang and Henrich, Verena and Hinrichs, Erhard},
   TITLE = {Letter Sequence Labeling for Compound Splitting}}
@INPROCEEDINGS{sigmorphon16-018,
   AUTHOR = {Declerck, Thierry and Lendvai, Piroska},
   SORTNAME = {Declerck, Thierry and Lendvai, Piroska},
   TITLE = {Towards a Formal Representation of Components of German Compounds}}
@INPROCEEDINGS{sigmorphon16-008,
   AUTHOR = {Shoemark, Philippa and Goldwater, Sharon and Kirby, James and Sarkar, Rik},
   SORTNAME = {Shoemark, Philippa and Goldwater, Sharon and Kirby, James and Sarkar, Rik},
   TITLE = {Towards robust cross-linguistic comparisons of phonological networks}}
