@INPROCEEDINGS{repl4nlp2016-005,
   AUTHOR = {Ramni, Yonatan and Maimon, Oded and Khmelnitsky, Evgeni},
   SORTNAME = {Ramni, Yonatan and Maimon, Oded and Khmelnitsky, Evgeni},
   TITLE = {Pair Distance Distribution: A Model of Semantic Representation}}
@INPROCEEDINGS{repl4nlp2016-015,
   AUTHOR = {Anderson, Andrew and Binder, Jeffrey and Fernandino, Leonardo and Humphries, Colin and Conant, Lisa and Erk, Katrin and Raizada, Rajeev},
   SORTNAME = {Anderson, Andrew and Binder, Jeffrey and Fernandino, Leonardo and Humphries, Colin and Conant, Lisa and Erk, Katrin and Raizada, Rajeev},
   TITLE = {Decoding Neural Activity Patterns Associated with Sentences by Combining Experiential Attribute and Tex
   t-Based Semantic Models}}
@INPROCEEDINGS{repl4nlp2016-050,
   AUTHOR = {Beck, Daniel},
   SORTNAME = {Beck, Daniel},
   TITLE = {Combining String Kernels and Gaussian Processes for Richer Text Representations}}
@INPROCEEDINGS{repl4nlp2016-030,
   AUTHOR = {Chen, Yunchuan and Mou, Lili and Xu, Yan and Li, Ge and Jin, Zhi},
   SORTNAME = {Chen, Yunchuan and Mou, Lili and Xu, Yan and Li, Ge and Jin, Zhi},
   TITLE = {Learning Word Representations from Multiple Information Sources}}
@INPROCEEDINGS{repl4nlp2016-034,
   AUTHOR = {Gonen, Hila and Goldberg, Yoav},
   SORTNAME = {Gonen, Hila and Goldberg, Yoav},
   TITLE = {Improving Preposition Sense Disambiguation with Representations Learned from Mutilingual Data}}
@INPROCEEDINGS{repl4nlp2016-006,
   AUTHOR = {Mou, Lili and Jia, Ran and Xu, Yan and Li, Ge and Zhang, Lu and Hinrichs, Zhi Jind},
   SORTNAME = {Mou, Lili and Jia, Ran and Xu, Yan and Li, Ge and Zhang, Lu and Hinrichs, Zhi Jind},
   TITLE = {Distilling Word Embeddings: An Encoding Approach}}
@INPROCEEDINGS{repl4nlp2016-002,
   AUTHOR = {Weissenborn, Dirk and Rocktäsche, Tim},
   SORTNAME = {Weissenborn, Dirk and Rocktäschel, Tim},
   TITLE = {MuFuRU: The Multi-Function Recurrent Unit}}
@INPROCEEDINGS{repl4nlp2016-020,
   AUTHOR = {Recski, Gábor and Iklódi, Eszter and Pajkossy, Katalin and Kornai, Andras},
   SORTNAME = {Recski, Gabor and Iklodi, Eszter and Pajkossy, Katalin and Kornai, Andras},
   TITLE = {Measuring Semantic Similarity of Words Using Concept Networks}}
@INPROCEEDINGS{repl4nlp2016-044,
   AUTHOR = {Baudiš, Petr and Stanko, Silvestr and Šedivý, Jan},
   SORTNAME = {Baudis, Petr and Stanko, Silvestr and Sedivy, Jan},
   TITLE = {Joint Learning of Sentence Embeddings for Relevance and Entailment}}
@INPROCEEDINGS{repl4nlp2016-041,
   AUTHOR = {Ruseti, Stefan and Rebedea, Traian and Trausan-Matu, Stefan},
   SORTNAME = {Ruseti, Stefan and Rebedea, Traian and Trausan-Matu, Stefan},
   TITLE = {Using Embedding Masks for Word Categorization}}
@INPROCEEDINGS{repl4nlp2016-029,
   AUTHOR = {Mitchell, Jeff},
   SORTNAME = {Mitchell, Jeff},
   TITLE = {Decomposing Bilexical Dependencies into Semantic and Syntactic Vectors}}
@INPROCEEDINGS{repl4nlp2016-013,
   AUTHOR = {Watanabe, Yusuke and Hashimoto, Kazuma and Tsuruoka, Yoshimasa},
   SORTNAME = {Watanabe, Yusuke and Hashimoto, Kazuma and Tsuruoka, Yoshimasa},
   TITLE = {Domain Adaptation for Neural Networks by Parameter Augmentation}}
@INPROCEEDINGS{repl4nlp2016-052,
   AUTHOR = {Searle, Richard and Bingham-Walker, Megan},
   SORTNAME = {Searle, Richard and Bingham-Walker, Megan},
   TITLE = {Why ``Blow Out''? A Structural Analysis of the Movie Dialog Dataset}}
@INPROCEEDINGS{repl4nlp2016-038,
   AUTHOR = {Triantafillou, Eleni and Kiros, Jamie Ryan and Urtasun, Raquel and Zemel, Richard},
   SORTNAME = {Triantafillou, Eleni and Kiros, Jamie Ryan and Urtasun, Raquel and Zemel, Richard},
   TITLE = {Towards Generalizable Sentence Embeddings}}
@INPROCEEDINGS{repl4nlp2016-023,
   AUTHOR = {Marasović, Ana and Frank, Anette},
   SORTNAME = {Marasovic, Ana and Frank, Anette},
   TITLE = {Multilingual Modal Sense Classification using a Convolutional Neural Network}}
@INPROCEEDINGS{repl4nlp2016-027,
   AUTHOR = {Sokolov, Konstantin},
   SORTNAME = {Sokolov, Konstantin},
   TITLE = {A Vector Model for Type-Theoretical Semantics}}
@INPROCEEDINGS{repl4nlp2016-037,
   AUTHOR = {Cao, Kris and Rei, Marek},
   SORTNAME = {Cao, Kris and Rei, Marek},
   TITLE = {A Joint Model for Word Embedding and Word Morphology}}
@INPROCEEDINGS{repl4nlp2016-010,
   AUTHOR = {Norlund, Tobias and Nilsson, David and Sahlgren, Magnus},
   SORTNAME = {Norlund, Tobias and Nilsson, David and Sahlgren, Magnus},
   TITLE = {Parameterized context windows in Random Indexing}}
@INPROCEEDINGS{repl4nlp2016-011,
   AUTHOR = {Emerson, Guy and Copestake, Ann},
   SORTNAME = {Emerson, Guy and Copestake, Ann},
   TITLE = {Functional Distributional Semantics}}
@INPROCEEDINGS{repl4nlp2016-048,
   AUTHOR = {Kim, Joo-Kyung and de Marneffe, Marie-Catherine and Fosler-Lussier, Eric},
   SORTNAME = {Kim, Joo-Kyung and de Marneffe, Marie-Catherine and Fosler-Lussier, Eric},
   TITLE = {Adjusting Word Embeddings with Semantic Intensity Orders}}
@INPROCEEDINGS{repl4nlp2016-014,
   AUTHOR = {Pelevina, Maria and Arefiev, Nikolay and Biemann, Chris and Panchenko, Alexander},
   SORTNAME = {Pelevina, Maria and Arefiev, Nikolay and Biemann, Chris and Panchenko, Alexander},
   TITLE = {Making Sense of Word Embeddings}}
@INPROCEEDINGS{repl4nlp2016-035,
   AUTHOR = {Madhyastha, Pranava Swaroop and Bansal, Mohit and Gimpel, Kevin and Livescu, Karen},
   SORTNAME = {Madhyastha, Pranava Swaroop and Bansal, Mohit and Gimpel, Kevin and Livescu, Karen},
   TITLE = {Mapping Unseen Words to Task-Trained Embedding Spaces}}
@INPROCEEDINGS{repl4nlp2016-017,
   AUTHOR = {Le, Phong and Zuidema, Willem},
   SORTNAME = {Le, Phong and Zuidema, Willem},
   TITLE = {Quantifying the Vanishing Gradient and Long Distance Dependency Problem in Recursive Neural Networks and Recursive {LSTM}s}}
@INPROCEEDINGS{repl4nlp2016-042,
   AUTHOR = {Le, Phong and Dymetman, Marc and Renders, Jean-Michel},
   SORTNAME = {Le, Phong and Dymetman, Marc and Renders, Jean-Michel},
   TITLE = {{LSTM}-Based Mixture-of-Experts for Knowledge-Aware Dialogues}}
@INPROCEEDINGS{repl4nlp2016-045,
   AUTHOR = {Miceli Barone, Antonio Valerio},
   SORTNAME = {Miceli Barone, Antonio Valerio},
   TITLE = {Towards cross-lingual distributed representations without parallel text trained with adversarial autoencoders}}
@INPROCEEDINGS{repl4nlp2016-028,
   AUTHOR = {Sheikh, Imran and Illina, Irina and Fohr, Dominique and Linarès, Georges},
   SORTNAME = {Sheikh, Imran and Illina, Irina and Fohr, Dominique and Linares, Georges},
   TITLE = {Learning Word Importance with the Neural Bag-of-Words Model}}
@INPROCEEDINGS{repl4nlp2016-033,
   AUTHOR = {Arras, Leila and Horn, Franziska and Montavon, Grégoire and Müller, Klaus-Robert and Samek, Wojciech},
   SORTNAME = {Arras, Leila and Horn, Franziska and Montavon, Gregoire and Muller, Klaus-Robert and Samek, Wojciech},
   TITLE = {Explaining Predictions of Non-Linear Classifiers in NLP}}
@INPROCEEDINGS{repl4nlp2016-051,
   AUTHOR = {Kim, Minsoo and Moirangthem, Dennis Singh and Lee, Minho},
   SORTNAME = {Kim, Minsoo and Moirangthem, Dennis Singh and Lee, Minho},
   TITLE = {Towards Abstraction from Extraction: Multiple Timescale Gated Recurrent Unit for Summarization}}
@INPROCEEDINGS{repl4nlp2016-043,
   AUTHOR = {Nguyen, Thien Huu and Fu, Lisheng and Cho, Kyunghyun and Grishman, Ralph},
   SORTNAME = {Nguyen, Thien Huu and Fu, Lisheng and Cho, Kyunghyun and Grishman, Ralph},
   TITLE = {A Two-stage Approach for Extending Event Detection to New Types via Neural Networks}}
@INPROCEEDINGS{repl4nlp2016-046,
   AUTHOR = {Sattigeri, Prasanna and J. Thiagarajan, Jayaraman},
   SORTNAME = {Sattigeri, Prasanna and J. Thiagarajan, Jayaraman},
   TITLE = {Sparsifying Word Representations for Deep Unordered Sentence Modeling}}
@INPROCEEDINGS{repl4nlp2016-025,
   AUTHOR = {Nassif, Henry and Mohtarami, Mitra and Glass, James},
   SORTNAME = {Nassif, Henry and Mohtarami, Mitra and Glass, James},
   TITLE = {Learning Semantic Relatedness in Community Question Answering Using Neural Models}}
@INPROCEEDINGS{repl4nlp2016-019,
   AUTHOR = {Neculoiu, Paul and Versteegh, Maarten and Rotaru, Mihai},
   SORTNAME = {Neculoiu, Paul and Versteegh, Maarten and Rotaru, Mihai},
   TITLE = {Learning Text Similarity with Siamese Recurrent Networks}}
@INPROCEEDINGS{repl4nlp2016-040,
   AUTHOR = {Dima, Corina},
   SORTNAME = {Dima, Corina},
   TITLE = {On the Compositionality and Semantic Interpretation of {E}nglish Noun Compounds}}
@INPROCEEDINGS{repl4nlp2016-021,
   AUTHOR = {Weissenborn, Dirk},
   SORTNAME = {Weissenborn, Dirk},
   TITLE = {Neural Associative Memory for Dual-Sequence Modeling}}
@INPROCEEDINGS{repl4nlp2016-018,
   AUTHOR = {Hagstedt P Suorra, Jacob and Mogren, Olof},
   SORTNAME = {Hagstedt P Suorra, Jacob and Mogren, Olof},
   TITLE = {Assisting Discussion Forum Users using Deep Recurrent Neural Networks}}
@INPROCEEDINGS{repl4nlp2016-008,
   AUTHOR = {Lau, Jey Han and Baldwin, Timothy},
   SORTNAME = {Lau, Jey Han and Baldwin, Timothy},
   TITLE = {An Empirical Evaluation of doc2vec with Practical Insights into Document Embedding Generation}}
@INPROCEEDINGS{repl4nlp2016-007,
   AUTHOR = {Jianqiang Ma, \c{C}a\u{g}r{\i} \c{C}\"{o}ltekin and Erhard Hinrichs},
   SORTNAME = {Jianqiang Ma, \c{C}a\u{g}r{\i} \c{C}\"{o}ltekin and Erhard Hinrichs},
   TITLE = {Learning Phone Embeddings for Word Segmentation of Child-Directed Speech}}
