@INPROCEEDINGS{starsem16-049,
   AUTHOR = {Ziai, Ramon and De Kuthy, Kordula and Meurers, Detmar},
   SORTNAME = {Ziai, Ramon and De Kuthy, Kordula and Meurers, Detmar},
   TITLE = {Approximating Givenness in Content Assessment through Distributional Semantics}}
@INPROCEEDINGS{starsem16-039,
   AUTHOR = {Xiao, Chunyang and Bouchard, Guillaume and Dymetman, Marc and Gardent, Claire},
   SORTNAME = {Xiao, Chunyang and Bouchard, Guillaume and Dymetman, Marc and Gardent, Claire},
   TITLE = {Orthogonality regularizer for question answering}}
@INPROCEEDINGS{starsem16-044,
   AUTHOR = {Krebs, Alicia and Paperno, Denis},
   SORTNAME = {Krebs, Alicia and Paperno, Denis},
   TITLE = {When Hyperparameters Help: Beneficial Parameter Combinations in Distributional Semantic Models}}
@INPROCEEDINGS{starsem16-041,
   AUTHOR = {Köper, Maximilian and Schulte im Walde, Sabine and Kisselew, Max and Padó, Sebastian},
   SORTNAME = {Koper, Maximilian and Schulte im Walde, Sabine and Kisselew, Max and Pado, Sebastian},
   TITLE = {Improving Zero-Shot-Learning for German Particle Verbs by using Training-Space Restrictions and Local Scaling}}
@INPROCEEDINGS{starsem16-003,
   AUTHOR = {Shwartz, Vered and Dagan, Ido},
   SORTNAME = {Shwartz, Vered and Dagan, Ido},
   TITLE = {Adding Context to Semantic Data-Driven Paraphrasing}}
@INPROCEEDINGS{starsem16-060,
   AUTHOR = {Sales, Juliano Efson and Freitas, Andre and Davis, Brian and Handschuh, Siegfried},
   SORTNAME = {Sales, Juliano Efson and Freitas, Andre and Davis, Brian and Handschuh, Siegfried},
   TITLE = {A Compositional-Distributional Semantic Model for Searching Complex Entity Categories}}
@INPROCEEDINGS{starsem16-064,
   AUTHOR = {Abzianidze, Lasha},
   SORTNAME = {Abzianidze, Lasha},
   TITLE = {Natural Solution to FraCaS Entailment Problems}}
@INPROCEEDINGS{starsem16-036,
   AUTHOR = {Song, Linfeng and Wang, Zhiguo and Mi, Haitao and Gildea, Daniel},
   SORTNAME = {Song, Linfeng and Wang, Zhiguo and Mi, Haitao and Gildea, Daniel},
   TITLE = {Sense Embedding Learning for Word Sense Induction}}
@INPROCEEDINGS{starsem16-013,
   AUTHOR = {Herbelot, Aurélie and QasemiZadeh, Behrang},
   SORTNAME = {Herbelot, Aurelie and QasemiZadeh, Behrang},
   TITLE = {You and me... in a vector space: modelling individual speakers with distributional semantics}}
@INPROCEEDINGS{starsem16-027,
   AUTHOR = {Sobhani, Parinaz and Mohammad, Saif and Kiritchenko, Svetlana},
   SORTNAME = {Sobhani, Parinaz and Mohammad, Saif and Kiritchenko, Svetlana},
   TITLE = {Detecting Stance in Tweets And Analyzing its Interaction with Sentiment}}
@INPROCEEDINGS{starsem16-010,
   AUTHOR = {QasemiZadeh, Behrang and Kallmeyer, Laura},
   SORTNAME = {QasemiZadeh, Behrang and Kallmeyer, Laura},
   TITLE = {Random Positive-Only Projections: PPMI-Enabled Incremental Semantic Space Construction}}
@INPROCEEDINGS{starsem16-063,
   AUTHOR = {Kim, Gene and Schubert, Lenhart},
   SORTNAME = {Kim, Gene and Schubert, Lenhart},
   TITLE = {High-Fidelity Lexical Axiom Construction from Verb Glosses}}
@INPROCEEDINGS{starsem16-026,
   AUTHOR = {Abad, Azad and Moschitti, Alessandro},
   SORTNAME = {Abad, Azad and Moschitti, Alessandro},
   TITLE = {Taking the best from the Crowd:Learning Question Passage Classification from Noisy Data}}
@INPROCEEDINGS{starsem16-031,
   AUTHOR = {van der Pol, Elise and Gieske, Sharon and Fernandez, Raquel},
   SORTNAME = {van der Pol, Elise and Gieske, Sharon and Fernandez, Raquel},
   TITLE = {Linguistic Style Accommodation in Disagreements}}
@INPROCEEDINGS{starsem16-035,
   AUTHOR = {Pavlick, Ellie and Callison-Burch, Chris},
   SORTNAME = {Pavlick, Ellie and Callison-Burch, Chris},
   TITLE = {So-Called Non-Subsective Adjectives}}
@INPROCEEDINGS{starsem16-054,
   AUTHOR = {Negi, Sapna and Asooja, Kartik and Mehrotra, Shubham and Buitelaar, Paul},
   SORTNAME = {Negi, Sapna and Asooja, Kartik and Mehrotra, Shubham and Buitelaar, Paul},
   TITLE = {A Study of Suggestions in Opinionated Texts and their Automatic Detection}}
@INPROCEEDINGS{starsem16-002,
   AUTHOR = {Linzen, Tal and Dupoux, Emmanuel and Spector, Benjamin},
   SORTNAME = {Linzen, Tal and Dupoux, Emmanuel and Spector, Benjamin},
   TITLE = {Quantificational features in distributional word representations}}
@INPROCEEDINGS{starsem16-065,
   AUTHOR = {Beloucif, Meriem and Wu, Dekai},
   SORTNAME = {Beloucif, Meriem and Wu, Dekai},
   TITLE = {Driving inversion transduction grammar induction with semantic evaluation}}
@INPROCEEDINGS{starsem16-045,
   AUTHOR = {Peterson, Daniel and Boyd-Graber, Jordan and Palmer, Martha and Kawahara, Daisuke},
   SORTNAME = {Peterson, Daniel and Boyd-Graber, Jordan and Palmer, Martha and Kawahara, Daisuke},
   TITLE = {Leveraging VerbNet to build Corpus-Specific Verb Clusters}}
@INPROCEEDINGS{starsem16-034,
   AUTHOR = {Perez-Beltrachini, Laura and Gardent, Claire},
   SORTNAME = {Perez-Beltrachini, Laura and Gardent, Claire},
   TITLE = {Learning Embeddings to lexicalise RDF Properties}}
@INPROCEEDINGS{starsem16-047,
   AUTHOR = {Schulte im Walde, Sabine and Hätty, Anna and Bott, Stefan},
   SORTNAME = {Schulte im Walde, Sabine and Hatty, Anna and Bott, Stefan},
   TITLE = {The Role of Modifier and Head Properties in Predicting the Compositionality of English and German Noun-Noun Compounds: A Vector-Space Perspective}}
@INPROCEEDINGS{starsem16-033,
   AUTHOR = {Glavaš, Goran and Nanni, Federico and Ponzetto, Simone Paolo},
   SORTNAME = {Glavas, Goran and Nanni, Federico and Ponzetto, Simone Paolo},
   TITLE = {Unsupervised Text Segmentation Using Semantic Relatedness Graphs}}
@INPROCEEDINGS{starsem16-012,
   AUTHOR = {Klenner, Manfred and Clematide, Simon},
   SORTNAME = {Klenner, Manfred and Clematide, Simon},
   TITLE = {How Factuality Determines Sentiment Inferences}}
@INPROCEEDINGS{starsem16-051,
   AUTHOR = {Sikos, Jennifer and Versley, Yannick and Frank, Anette},
   SORTNAME = {Sikos, Jennifer and Versley, Yannick and Frank, Anette},
   TITLE = {Implicit Semantic Roles in a Multilingual Setting}}
@INPROCEEDINGS{starsem16-004,
   AUTHOR = {Falk, Ingrid and Martin, Fabienne},
   SORTNAME = {Falk, Ingrid and Martin, Fabienne},
   TITLE = {Automatic Identification of Aspectual Classes across Verbal Readings}}
@INPROCEEDINGS{starsem16-018,
   AUTHOR = {Sevens, Leen and Jacobs, Gilles and Vandeghinste, Vincent and Schuurman, Ineke and Van Eynde, Frank},
   SORTNAME = {Sevens, Leen and Jacobs, Gilles and Vandeghinste, Vincent and Schuurman, Ineke and Van Eynde, Frank},
   TITLE = {Improving Text-to-Pictograph Translation Through Word Sense Disambiguation}}
@INPROCEEDINGS{starsem16-008,
   AUTHOR = {Mohammad, Saif and Shutova, Ekaterina and Turney, Peter},
   SORTNAME = {Mohammad, Saif and Shutova, Ekaterina and Turney, Peter},
   TITLE = {Metaphor as a Medium for Emotion: An Empirical Study}}
